2946 4740
1513 259 1592 318 10

443 461 800 523 perraram,
877 452 1018 504 cum
1078 442 1271 505 etiam
1319 442 1660 506 Sallustius
1720 443 2079 507 inauditam
2124 443 2304 507 illam
2349 451 2638 522 vocaret;

382 598 387 605 .
443 542 554 606 sed
602 542 893 606 Valerius
928 543 1242 607 Maximus
1287 549 1399 608 aut
1442 546 1516 622 Q.
1552 544 1792 608 Metelli
1838 549 2127 629 tempora
2174 545 2503 629 respicisse
2548 548 2637 611 vi-

442 643 665 720 detur,
740 650 854 707 aut
910 645 1142 728 prioris
1198 646 1431 710 aetatis
1493 653 1818 710 auctorem
1865 646 2065 730 sequi.
2155 647 2314 710 Nam
2372 649 2636 730 Augusti

435 745 572 828 jam
629 750 842 810 aetate
900 746 1219 811 luxuriam
1300 748 1739 830 pervulgatam
1804 748 2037 825 fuisse,
2112 754 2388 812 testatur
2438 749 2636 813 Hora-

442 847 570 911 tius
607 853 680 920 1).
772 852 980 930 Atque
1027 849 1339 933 imprimis
1384 851 1616 913 atrium
1664 849 2128 928 Romanorum,
2204 852 2633 915 sanctuarium

442 949 687 1026 domne,
733 949 842 1013 ubi
889 950 1186 1015 Metellus
1233 972 1348 1015 ara
1392 960 1457 1016 et
1499 957 1643 1015 ture
1689 957 1992 1035 exceptus
2034 958 2147 1029 est,
2192 957 2258 1016 et
2288 953 2637 1016 coenacula

442 1052 689 1115 aulaeis
732 1057 1042 1116 exornata
1085 1052 1279 1129 fuisse
1325 1054 1637 1118 videntur.
1731 1055 2072 1119 Praeterea
2118 1060 2332 1119 autem
2379 1055 2637 1119 cubicu-

441 1153 522 1229 la,
570 1154 880 1238 imprimis
925 1155 1324 1220 feminarum.
1372 1155 1616 1220 aulaeis
1660 1162 1848 1220 erant
1893 1155 2222 1232 decorata,
2268 1178 2411 1220 cum
2456 1157 2633 1221 scho-

445 1254 635 1320 liasta
693 1255 856 1320 adl.
904 1256 943 1319 l.
992 1257 1362 1322 adnot-aret:
1440 1259 1649 1344 „unde
1708 1264 1774 1323 et
1832 1261 1895 1322 in
1958 1257 2259 1321 thalamis
2317 1258 2437 1322 hoc
2495 1259 2634 1323 fieri

443 1357 755 1442 hodieque
798 1359 1277 1443 conspicimus.“
1370 1361 1556 1424 Hunc
1614 1361 1915 1443 gynaecei
1972 1365 2268 1422 ornatum
2315 1359 2634 1425 Romanos

441 1481 481 1523 a
524 1459 784 1523 Graecis
829 1462 1171 1543 recepisse4
1238 1461 1475 1545 optime
1521 1482 1597 1525 ex
1646 1461 1981 1545 Apollonio
2024 1460 2272 1525 Rhodio
2316 1464 2635 1543 cognosci·

442 1565 581 1624 tur:
655 1564 800 1643 Arg.
849 1563 895 1639 I,
945 1567 1126 1648 '7551⁴
1152 1567 1251 1649 Βῆ
1295 1556 1356 1626 δ’
1398 1555 1619 1644 ἴμεναι
1662 1585 1862 1647 προτι
1906 1555 2071 1626 ἄστυ
2116 1566 2363 1647 φαεινῷ
2406 1556 2633 1647 α’στέρι

437 1653 602 1738 ἶσος,
627 1651 746 1728 “Ον
775 1654 859 1748 ῥά
886 1687 959 1727 τε
982 1662 1359 1751 νηγαὲἕῃσιν
1387 1660 1753 1748 ἐεργόμεναι
1776 1659 2132 1749 καλύβῃσιν
2162 1659 2440 1750 Νύμφαι
2463 1662 2634 1753 θηή-

440 1784 639 1827 σαντο
700 1761 917 1846 δόμων
973 1761 1138 1849 ὕπερ
1197 1761 1619 1845 ἀντέλλοντα,
1677 1773 1797 1831 etc,
1887 1767 2023 1830 Vox
2069 1761 2316 1851 καλύβη
2361 1789 2476 1851 pro
2522 1790 2631 1850 γυ,-

438 1861 700 1951 ναικείῳ
742 1868 905 1930 mira
949 1868 1200 1932 videtur
1243 1889 1385 1932 oum
1433 1868 1593 1933 alias
1643 1869 1989 1933 tentorium
2034 1867 2135 1932 vel
2180 1888 2395 1932 casam
2439 1871 2631 1953 signi-

441 1966 619 2046 ficet3
665 1990 816 2032 nam
847 1969 1162 2033 Lucianus
1200 1976 1253 2048 2)
1298 1970 1506 2035 verbis
1550 1964 2035 2054 ,,στενοχωρίαν,
2082 1967 2195 2033 καὶ
2238 1968 2477 2055 σκηνὰς
2521 1969 2635 2036 καὶ

438 2065 726 2153 καλύβας
780 2067 891 2134 καὶ
932 2073 1208 2154 πνῖγος“
1251 2072 1521 2135 eundem
1572 2072 1776 2135 locum
1837 2072 2108 2155 intelligi
2162 2071 2316 2135 vult.
2440 2073 2632 2138 Scho-

440 2172 629 2235 liasta
674 2178 889 2237 autem
938 2193 1069 2236 rem
1117 2173 1210 2235 ita
1252 2173 1717 2257 interpretatur
1770 2172 2165 2260 ,,καλύβῃσιν
2208 2213 2290 2220 —-
2332 2177 2479 2252 ταῖς
2519 2171 2633 2241 διὰ

435 2277 565 2336 τῶν
609 2269 884 2355 ἱματίων
925 2273 1575 2356 κατεσκευασμέναις,
1638 2264 1716 2352 ἃς
1771 2270 2041 2340 καλῶσι
2098 2271 2412 2352 παστούς.
2504 2279 2635 2342 Ita-

437 2398 557 2460 que
605 2383 849 2441 certum
896 2383 1021 2457 est,
1067 2378 1343 2442 Graecos
1385 2379 1579 2443 tertio
1627 2399 1683 2441 a.
1736 2378 1883 2442 Chr.
1935 2401 1994 2442 n.
2040 2378 2293 2444 saeculo
2338 2380 2495 2444 velis
2537 2381 2634 2465 pi·

436 2480 556 2543 otis
600 2480 681 2543 ad
730 2481 1019 2545 ornanda
1061 2479 1354 2545 cubicula
1400 2479 1592 2543 fuisse
1638 2502 1815 2557 usos;
1888 2480 1997 2545 sed
2045 2487 2276 2563 quarto
2316 2482 2452 2563 jam
2495 2504 2631 2548 sae-

434 2583 596 2661 culo,
641 2584 762 2647 hoc
806 2590 919 2661 est,
966 2589 1304 2672 postquam
1330 2583 1557 2646 Graeci
1603 2582 1664 2645 in
1713 2582 2222 2665 expeditionibus
2251 2584 2630 2667 Xenophon-

438 2685 538 2761 tis,
593 2685 893 2768 Agesilai,
943 2685 1242 2761 aliorum,
1293 2684 1477 2748 Asiae
1524 2684 1841 2748 luxuriam
1891 2685 2170 2766 ipsorum
2217 2685 2417 2748 oculis
2461 2686 2632 2749 vide-

434 2792 604 2864 runt,
649 2795 845 2870 atque
875 2789 1254 2853 suavitatem
1289 2789 1454 2851 vitae
1488 2779 2016 2869 degustaverunt‚'
2053 2787 2222 2850 hunc
2253 2806 2432 2850 usum
2469 2786 2632 2851 bene

433 2888 623 2953 fuisse
669 2896 925 2965 notum‚·
960 2912 1038 2954 ex
1084 2911 1280 2954 aurea
1312 2890 1557 2953 lamina
1587 2887 1933 2972 pharetrae
1979 2887 2296 2970 scythicae
2340 2895 2630 2971 apparet,

435 3010 628 3072 quam
682 2992 989 3075 Stephani
1045 2992 1246 3057 edidit-
1303 2996 1582 3074 (compte
1644 2990 1846 3053 rendu
1898 2995 2088 3068 1864,
2149 2990 2281 3054 tab.
2330 2996 2418 3066 4).
2506 2992 2630 3075 Gy·

437 3114 737 3158 naeoeum
784 3096 953 3158 enim
997 3094 1113 3158 illa
1158 3093 1417 3158 exhibet
1465 3092 1620 3155 velis
1666 3098 1981 3168 ornatum,
2029 3091 2107 3154 de
2152 3112 2277 3173 quo
2321 3093 2490 3157 infra
2537 3094 2629 3158 di·
2663 3151 2678 3164 ,

434 3196 701 3260 cendum
748 3197 889 3260 erit.
981 3198 1156 3275 Quae
1201 3196 1458 3270 lamina,
1505 3216 1646 3257 cum
1694 3215 1820 3256 non
1865 3193 2052 3257 modo
2097 3199 2236 3259 arte
2282 3194 2450 3277 ipsa,
2519 3193 2629 3258 sed

435 3298 630 3362 etiam
673 3298 1019 3377 figurarum
1070 3300 1300 3364 vestitu
1349 3298 1658 3361 Graecum
1709 3314 1868 3379 opus
1915 3316 1981 3358 se
2029 3295 2427 3378 praebuerit,
2486 3317 2630 3380 pro-

432 3407 575 3481 pter
642 3401 1172 3465 lineamentorum
1239 3400 1539 3464 eximiam
1608 3398 1883 3480 gratiam
1953 3403 2284 3480 artemque
2349 3397 2631 3481 fingendi

434 3508 664 3583 quarto
706 3502 963 3566 saeculo
1001 3502 1147 3585 jure
1180 3508 1275 3565 est
1307 3501 1650 3583 adscripta.
1740 3501 1964 3581 Itaque
1998 3497 2280 3562 velorum
2313 3500 2629 3582 pictorum

437 3624 620 3666 usum
673 3603 805 3684 jam
870 3604 1112 3668 dudum
1171 3603 1340 3685 apud
1387 3602 1664 3666 Graecos
1709 3606 1929 3664 notum
1976 3600 2169 3663 fuisse
2207 3600 2628 3682 judicandum

430 3714 549 3788 Uest.
643 3706 981 3788 Propterea
1030 3707 1219 3769 etiam
1272 3706 1593 3769 Romanos
1645 3703 1781 3785 jam
1829 3707 2171 3785 antequam
2225 3703 2478 3767 Attalus
2522 3724 2631 3767 eos

433 3806 798 3870 divitiarum
849 3829 1104 3872 suarum
1151 3807 1431 3871 instituit
1488 3806 1751 3870 heredes
1806 3826 1884 3868 ex
1930 3805 2386 3868 consuetudine
2435 3806 2634 3869 Grae-

434 3929 649 3972 corum
699 3910 839 3973 vela
884 3912 1058 3992 picta
1101 3910 1168 3973 in
1216 3909 1573 3974 coenaculis
1619 3914 1684 3972 et
1728 3907 2030 3971 thalamis
2062 3907 2351 3971 adhibita
2383 3908 2630 3973 novisse

578 4132 616 4196 ἢ
690 4129 791 4183 od.
828 4130 922 4191 ΙΙΙ,
961 4132 1044 4197 29,
1087 4134 1166 4191 14.

575 4218 619 4285 ²)
689 4216 942 4271 Herodot
978 4235 1063 4286 cp.
1101 4218 1150 4269 8.
