2946 4740
1462 258 1542 316 38

407 440 578 525 quod
622 442 687 505 in
731 440 918 505 horto
962 441 1152 505 Icarii
1197 439 1682 524 repraesentari,
1728 438 1899 523 quod
1943 439 2142 503 muris
2185 459 2226 503 a
2269 439 2498 505 dextra
2541 445 2607 504 et

407 563 450 609 a
503 542 766 606 sinistra
822 563 1017 607 manu
1077 540 1443 607 conclusum
1513 560 1652 606 esse
1717 540 2126 622 cogitandum
2196 545 2310 606 est.
2438 542 2607 605 Muri

407 648 620 708 autem
682 644 805 728 ipsi
846 643 995 728 pilis
1035 642 1410 709 ornantibus
1453 642 1794 724 significati
1836 647 2090 706 tantum
2133 648 2315 721 sunt,
2383 647 2606 727 utpote

405 767 447 809 a
487 745 696 811 fronte
738 746 1076 830 conspecti.
1184 744 1421 809 Domus
1478 748 1694 808 autem
1736 743 2048 827 parietem
2096 744 2338 808 aulaeis
2383 743 2609 808 distin·

404 853 579 912 ctum
621 847 815 912 vides.
904 845 1094 914 Modo
1139 868 1220 911 ne
1264 843 1487 910 credas
1529 865 1672 909 cum
1720 844 1790 908 Ο.
1821 845 2083 923 Jahnio,
2142 845 2492 929 marginem
2537 846 2607 910 in

404 950 518 1014 illo
562 949 948 1032 quadratum
991 948 1160 1013 fores
1204 945 1586 1028 significare.
1675 947 1848 1013 Nihil
1892 946 2073 1011 aliud
2103 952 2227 1025 est,
2273 967 2466 1032 quam
2498 947 2609 1012 de-

406 1071 519 1115 cus
560 1051 845 1135 parietis.
931 1048 1391 1116 Umbraculum
1438 1049 1596 1113 velis
1639 1053 1998 1113 contectum
2031 1069 2167 1113 esse
2196 1050 2607 1131 cogitandum

406 1158 578 1219 recte
623 1152 953 1219 Claracius
1005 1153 1145 1234 jam
1199 1151 1364 1215 dixit
1396 1155 1489 1230 1):
1563 1149 1862 1215 l’endroit
1904 1151 1986 1215 οὐ
2030 1150 2155 1215 l'on
2202 1151 2404 1233 recoit
2451 1151 2607 1215 Bac·

407 1255 592 1333 chuS,
653 1253 962 1338 quoiqu’il
1018 1237 1307 1339 paraisse
1368 1252 1737 1329 decouvert,
1804 1257 1901 1316 est
1958 1252 2156 1316 tendu
2211 1252 2291 1316 de
2336 1252 2611 1335 grandes

408 1357 805 1441 tapisseries‚
849 1356 1372 1440 peripetasmata,
1417 1353 1664 1419 aulaea.
1756 1352 2202 1418 Umbraculum
2235 1355 2435 1419 muris
2464 1376 2613 1419 con-

407 1459 653 1524 clusum
699 1458 1032 1522 frondibus
1076 1458 1272 1521 etiam
1317 1456 1570 1535 contegi
1615 1474 1800 1539 posse
1823 1503 1839 1530 ,
1902 1454 2251 1540 anaglypta
2295 1456 2613 1522 Parisien-

407 1561 503 1625 sia
543 1560 776 1624 docent
819 1559 993 1643 apud
1021 1558 1440 1623 Wieselerum
1489 1557 1566 1620 D.
1611 1556 1670 1621 d.
1715 1577 1774 1620 a.
1823 1557 1898 1620 K.
1947 1555 2029 1619 II.
2078 1561 2179 1635 33,
2227 1561 2350 1622 374
2396 1564 2461 1623 et
2502 1579 2614 1623 vas

408 1661 752 1726 vitreatum
805 1661 1054 1744 insigne
1112 1659 1179 1724 in
1238 1659 1398 1724 Mus,
1448 1656 1637 1723 Borb.
1692 1663 1788 1736 15,
1834 1661 1911 1720 55
1960 1661 2026 1721 et
2072 1662 2186 1736 56,
2254 1660 2424 1741 quod
2468 1681 2611 1725 cum

408 1765 541 1843 eis,
603 1765 712 1847 qui
768 1762 1163 1845 Dionysium·
1208 1766 1273 1826 et
1331 1760 1615 1825 Icarium
1660 1758 2007 1824 ostendunt
2050 1761 2410 1844 anaglyptis
2451 1761 2614 1827 bene

407 1866 684 1932 conferri
727 1869 973 1949 potest..
1045 1862 1123 1926 In
1166 1860 1542 1927 umbraculo
1576 1861 1893 1946 pampinis
1923 1866 2092 1927 tecto
2124 1869 2402 1946 quatuor
2433 1865 2613 1946 pueri

409 1967 728 2043 bibentes,
786 1985 942 2028 uvas
986 1969 1274 2028 secantes
1320 1968 1437 2028 etc.
1486 1963 1998 2045 conspiciuntur,
2059 1962 2264 2028 lectus
2305 1965 2499 2030 etiam
2543 1966 2614 2030 in

409 2090 517 2148 ec,
562 2069 729 2133 sicut
771 2066 943 2150 apud
988 2065 1296 2142 Icarium,
1364 2063 1614 2129 duobus
1659 2063 1808 2146 pilis
1851 2064 1949 2129 vel
1995 2065 2305 2130 columnis
2348 2067 2615 2130 circum-

409 2170 637 2247 datur,
701 2169 769 2232 in
830 2166 1060 2251 quibus
1119 2172 1373 2231 statuae
1416 2165 1822 2250 ponebantur
1845 2168 1933 2245 2),
2001 2166 2153 2231 dum
2199 2168 2303 2233 hic
2344 2190 2506 2252 puer
2548 2171 2614 2234 in

409 2271 681 2337 alteram
726 2291 948 2334 earum
993 2268 1313 2347 ascendit,
1356 2273 1431 2331 ut
1475 2288 1633 2332 uvas
1677 2273 1952 2353 caperet.
2001 2307 2083 2317 --
2134 2307 2203 2318 —

581 2374 877 2439 Studium
920 2377 1205 2437 veterum
1252 2376 1318 2436 et
1348 2370 1736 2437 Graecorum
1781 2378 1847 2437 et
1876 2370 2307 2438 Romanorum
2351 2377 2418 2440 in
2461 2376 2617 2441 locis

408 2477 722 2542 umbrosis
766 2474 885 2540 sub
929 2474 1074 2539 divo
1106 2473 1358 2538 vivendi
1386 2473 1713 2556 fastigium
1744 2475 2033 2556 attigisse
2062 2482 2219 2559 puto
2250 2478 2612 2543 inventione

408 2578 801 2645 conclavium
848 2575 928 2656 (si
969 2575 1064 2639 ita
1107 2574 1424 2659 appellari
1468 2577 1769 2661 possunt)
1824 2578 1961 2641 sine
2019 2583 2188 2643 tecto
2232 2580 2297 2643 in
2344 2580 2611 2643 formam

410 2680 739 2747 aediculae
784 2675 1198 2759 hemicycliac
1244 2676 1342 2741 vel
1387 2678 1745 2760 quadratae
1788 2680 2223 2760 redactorum,
2269 2702 2436 2765 quae
2481 2704 2615 2745 esce·

408 2786 558 2847 drus
603 2787 853 2846 vocant.
945 2778 1256 2844 Omnibus
1300 2799 1635 2844 commune
1679 2781 1744 2845 id
1791 2801 1947 2859 esse,
1994 2789 2068 2846 ut
2098 2784 2234 2847 sine
2266 2790 2434 2848 tecto
2466 2785 2615 2861 sint,

409 2890 668 2972 praeter
726 2888 1011 2947 veterum
1067 2881 1435 2946 testimonia
1491 2902 1719 2947 nomen
1765 2883 1973 2966 ipsum
2015 2884 2302 2948 indicare
2345 2884 2618 2949 videtur.

409 2986 772 3053 Utebantur
814 2984 893 3049 iis
939 2982 1334 3066 philosophi,
1388 2983 1455 3045 in
1503 2983 1735 3066 quibus
1779 3003 2101 3049 sermones
2143 2986 2615 3069 philosophicos

409 3089 753 3167 haberent3
800 3086 1087 3150 homines
1131 3085 1396 3167 privati,
1442 3090 1517 3150 ut
1560 3086 2122 3151 sermocinationes
2163 3088 2333 3152 inter
2375 3089 2615 3153 amicos

409 3197 476 3256 et
516 3190 869 3255 familiares
914 3185 1240 3250 haberent.
1346 3187 1669 3270 Imprimis
1713 3194 1927 3253 autem
1954 3189 2039 3252 'in
2085 3189 2355 3273 publicis
2397 3189 2612 3255 aedifi·

409 3292 525 3357 ciis
570 3295 791 3367 erant,
838 3294 911 3353 ut
955 3288 1025 3352 in
1063 3288 1440 3369 gymnasiis,
1483 3290 1549 3353 in
1595 3289 1826 3373 quibus
1864 3290 2151 3355 homines
2182 3290 2614 3376 colloqueren-

411 3400 518 3458 tur
574 3400 638 3457 et
680 3392 745 3455 in
793 3389 1024 3473 amplis
1070 3389 1449 3472 templorum
1496 3391 1681 3455 areis
1783 3392 2164 3474 Plerumque
2207 3394 2374 3457 inter
2417 3395 2614 3477 porti·

410 3516 521 3559 cus
563 3493 663 3559 vel
707 3492 1214 3575 cryptoporticus
1257 3492 1352 3555 ita
1396 3499 1547 3556 sunt
1588 3493 1834 3576 positae
1866 3492 2165 3570 exedrae,
2210 3500 2283 3557 ut
2311 3496 2617 3560 recedant

413 3597 817 3678 aliquantum
881 3592 1191 3657 aediculis
1236 3593 1509 3671 similes;
1578 3616 1829 3678 semper
1885 3600 2098 3657 autem
2145 3594 2265 3660 loci
2312 3602 2462 3660 sunt
2504 3617 2616 3680 pa·

409 3702 619 3762 tentes
664 3701 730 3759 et
776 3695 1002 3778 aperti.
1094 3694 1526 3760 celeberrima
1569 3702 1665 3758 est
1708 3695 1944 3760 exedra
1988 3695 2243 3779 publica
2272 3697 2403 3777 illa,
2450 3718 2615 3780 quae

411 3799 591 3865 curia
637 3797 924 3880 Pompeji
967 3796 1447 3881 appellabatur,
1494 3796 1560 3859 in
1589 3817 1717 3879 qua
1750 3797 1986 3862 Caesar
2018 3804 2117 3863 est
2145 3799 2518 3864 interfectus
2537 3800 2613 3872 3).

414 3900 587 3963 Alias
642 3896 816 3980 apud
876 3897 1181 3962 Guhlium
1246 3905 1313 3962 et
1356 3899 1681 3962 Konerum
1740 3900 1915 3965 vides
1959 3900 2197 3976 (Leben
2240 3900 2354 3964 der
2400 3900 2505 3963 Gr.
2552 3922 2613 3964 u.

557 4070 596 4139 ¹)
634 4067 827 4132 Muses
863 4068 935 4123 de
972 4068 1269 4136 Sculpture
1308 4068 1373 4119 11.
1416 4069 1460 4133 1,
1498 4069 1620 4120 403.

553 4158 598 4225 2)
645 4156 715 4210 cf.
751 4156 1122 4209 Wieselerum
1159 4155 1224 4207 D.
1267 4154 1319 4207 d.
1361 4172 1408 4209 a.
1446 4154 1513 4207 Κ.
1552 4155 1621 4208 ΙΙ.
1661 4156 1745 4220 33,
1784 4157 1903 4209 374.

551 4246 598 4313 3)
639 4243 710 4297 cf.
748 4243 985 4296 Beckeri
1021 4243 1212 4309 „Rom
1250 4242 1530 4296 Alterth.“
1568 4241 1610 4309 Ι,
1648 4245 1767 4295 615.
