2946 4740
1357 261 1436 324 29

290 451 560 518 umbrae
603 453 791 534 aptae
834 446 1186 513 afferantur
1208 451 1280 530 ¹).
1331 487 1409 495 —
1473 444 1845 510 Difficiliora
1886 450 2034 510 sunt
2076 445 2160 510 ad
2196 445 2487 528 judican-

299 556 454 620 dum
499 571 763 636 paterga
806 551 1113 636 picturae,
1158 569 1321 634 quae
1346 547 1607 617 Admeti,
1630 546 2037 633 Alcestesque
2079 548 2363 614 fabulam
2391 568 2492 613 ce·-

304 658 507 722 lebrat
569 653 673 732 (cf.
722 652 967 736 Helbig.
1013 674 1060 717 s.
1110 673 1172 716 n.
1230 656 1434 722 1158).
1554 650 1957 716 Petersenius
2015 672 2218 736 nuper
2276 650 2354 715 de
2412 671 2488 714 ea

309 757 601 824 disseruit
653 757 724 820 in
782 755 969 820 Arch.
1017 755 1147 837 Ztg.
1204 756 1380 831 1863,
1451 756 1601 830 180;
1670 774 1786 818 1100
1845 760 2060 819 tamen
2118 754 2296 818 illam
2352 772 2488 816 rem

304 860 543 943 tetigit,
601 879 716 923 nec
771 857 1109 939 imaginem
1167 854 1579 920 sufficientem
1643 856 1959 940 apposuit.
2071 857 2274 935 Quam
2318 854 2492 921 vides

298 963 472 1047 apud
531 958 1025 1025 Overbeckium:
1092 957 1230 1021 Gal.
1275 957 1408 1020 her.
1453 956 1676 1023 Bildw.
1726 958 1775 1037 Ι,
1845 957 1975 1023 tab.
2024 961 2123 1037 30,
2175 964 2267 1023 14.
2351 960 2490 1034 ,Ex

297 1068 391 1131 eis
435 1085 604 1151 quae
646 1083 837 1147 supra
881 1061 1142 1145 exposui
1186 1060 1411 1125 domus
1451 1059 1745 1125 conclave
1773 1060 2346 1143 recognoscendum
2378 1068 2493 1140 est,

301 1173 454 1233 ante
508 1166 675 1249 quod
732 1165 1013 1248 porticus
1057 1169 1179 1242 est,
1241 1160 1339 1226 vel
1385 1167 1752 1244 procoeton,
1813 1162 1910 1226 vel
1954 1162 2130 1227 aliud
2173 1163 2494 1247 quoddam

301 1270 585 1354 spatium
629 1266 931 1333 columnis
974 1264 1357 1342 subfultum,
1400 1286 1515 1348 per
1559 1263 1799 1329 lumina
1841 1265 1976 1329 lata
2019 1287 2163 1329 cum
2208 1265 2493 1330 conclavi

303 1372 416 1436 illo
448 1371 870 1453 conjunctum.
961 1367 1135 1431 Haec
1163 1366 1302 1430 velo
1333 1365 1625 1432 concludi
1669 1373 1964 1450 possunt,
2009 1368 2178 1452 quod
2225 1368 2359 1447 hic,
2402 1368 2494 1432 la·

304 1475 489 1540 ciniis
554 1471 902 1556 suspensiS,
977 1476 1226 1554 partem
1290 1475 1545 1533 tantum
1613 1469 1821 1555 operit
1884 1470 2231 1535 foraminis.
2344 1471 2495 1535 Post

304 1596 586 1652 murum,
632 1574 742 1658 qui
784 1571 1096 1656 porticum
1144 1592 1183 1634 a
1227 1571 1516 1637 cubiculo
1561 1569 1860 1652 secludit,
1903 1573 2024 1639 hoc
2065 1578 2187 1652 est,
2240 1575 2304 1638 in
2351 1595 2495 1659 por·

303 1681 438 1745 ticu
480 1678 619 1761 ipso
650 1674 880 1759 Apollo
926 1678 990 1737 et
1034 1672 1579 1757 „Nympheutria“
1608 1674 1687 1757 (P)
1732 1678 1939 1755 stant;
1988 1676 2240 1741 Admeti
2270 1698 2494 1761 paren·

305 1788 404 1848 tes
445 1779 680 1845 ibidem
725 1784 894 1842 stare
940 1776 1043 1839 vix
1086 1775 1351 1858 cogitari
1382 1781 1613 1859 potest,
1659 1797 1859 1859 neque
1890 1798 2049 1864 opus
2078 1784 2189 1857 est,
2235 1784 2309 1843 ut
2339 1779 2495 1844 haec

307 1884 521 1950 omnia
607 1882 837 1946 artifex
914 1878 1384 1943 accuratissime
1450 1878 1707 1943 indicet.
1865 1879 1987 1945 Sed
2058 1900 2222 1964 quae
2299 1880 2497 1947 linea·

307 1991 526 2051 menta
567 1986 632 2048 in
677 1968 1017 2066 conspectu
1060 1981 1266 2064 ponit,
1315 1981 1447 2045 sine
1492 1980 1624 2044 ullo
1670 1980 1930 2047 consilio
1973 1982 2147 2065 picta
2189 2002 2325 2048 esse
2368 2004 2496 2048 non

307 2087 688 2154 credendum
748 2088 876 2161 est3
942 2103 1147 2167 neque
1204 2082 1362 2148 haec
1418 2083 1655 2165 figuras
1715 2083 2086 2167 disponendi
2140 2087 2307 2151 ratio
2352 2107 2497 2151 cum

307 2212 384 2257 ea
427 2191 494 2254 in
538 2188 790 2253 vasibus
833 2186 1020 2270 pictis
1064 2183 1354 2250 adhibita
1395 2184 1671 2251 conferri
1712 2191 1950 2270 potest,
1995 2187 2061 2251 in
2105 2188 2333 2271 quibus
2362 2210 2500 2254 sae·

310 2296 452 2380 pius
508 2292 770 2357 deorum
825 2287 1168 2370 figurarum
1230 2287 1588 2373 superiores
1640 2294 1893 2354 tantum
1934 2298 2152 2374 partes
2194 2292 2500 2377 conspici-

311 2403 522 2463 untur.
614 2394 773 2459 Nam
806 2381 1098 2457 rasorum
1129 2391 1332 2473 pictor
1363 2412 1490 2456 non
1520 2392 1704 2457 modo
1733 2394 1801 2457 in
1845 2393 2065 2477 figuris
2095 2394 2501 2479 disponendis

311 2518 608 2583 magnam
656 2494 774 2559 sibi
820 2493 1101 2558 vindicat
1144 2492 1520 2575 libertatem,
1568 2494 1676 2560 sed
1721 2496 1788 2561 in
1829 2496 1987 2561 locis
2015 2498 2168 2581 ipsis
2197 2496 2501 2562 definien—

314 2602 412 2666 dis
465 2604 892 2683 spectatorum
951 2615 1261 2659 summam
1307 2597 1512 2680 poscit
1556 2598 2021 2681 cogitationem.
2130 2598 2312 2679 Quod
2356 2620 2500 2663 cum

313 2705 392 2770 de
454 2700 687 2786 prioris
730 2698 1034 2782 temporis
1077 2697 1312 2762 tabulis
1353 2699 1540 2781 pictis
1584 2701 1779 2765 etiam
1825 2701 1948 2767 dici
1995 2703 2224 2785 possit,
2284 2707 2500 2765 tamen

314 2825 533 2871 omnes
586 2802 746 2881 fere,
809 2801 918 2885 qui
974 2808 1118 2886 post
1164 2800 1593 2865 Alexandrum
1647 2805 2031 2869 exstiterunt
2073 2805 2347 2889 pictores
2389 2823 2501 2867 na-

316 2913 529 2971 turam
570 2907 771 2988 ipsam
816 2909 881 2968 et
924 2905 1055 2968 veri
1101 2904 1369 2988 speciem
1414 2903 1592 2986 sequi
1635 2906 1909 2971 student.
1997 2907 2224 2991 Itaque
2267 2905 2504 2971 multas

320 3008 401 3073 ob
455 3027 676 3072 causas
732 3005 1142 3088 rejiciendum
1200 3012 1324 3084 est,
1389 3006 1560 3088 quod
1617 3008 1690 3073 R.
1739 3009 2109 3075 Rochettius
2137 3011 2189 3089 2)
2247 3008 2325 3074 de
2383 3009 2504 3073 hac

318 3110 574 3196 pictura
613 3108 798 3173 dicit:
876 3158 911 3186 ,‚
957 3157 970 3170 .
1021 3157 1035 3173 .
1080 3157 1098 3196 Ἴ.
1146 3107 1423 3174 derriere
1468 3131 1591 3176 une
1637 3111 1867 3177 double
1912 3111 2210 3193 barriere,
2254 3110 2366 3195 qui
2408 3117 2507 3175 est

317 3233 432 3276 sur
475 3214 655 3274 notre
700 3209 985 3294 peinture
1030 3233 1114 3276 uu
1159 3233 1380 3294 moyen
1427 3210 1791 3296 equivalent
1831 3214 1873 3279 a
1914 3214 2096 3295 celui,
2141 3213 2335 3298 qu'on
2376 3213 2506 3280 voit

466 3435 502 3504 1)
538 3434 658 3489 Hac
695 3432 916 3503 pictura
955 3436 1276 3503 comparata
1326 3450 1439 3486 non
1475 3436 1633 3488 recte
1669 3434 1992 3504 Semperum
2026 3435 2310 3504 judicasse
2346 3435 2505 3489 intel-

319 3525 479 3592 ligeS,
515 3539 678 3589 quem
710 3538 835 3575 sero
861 3537 949 3573 me
975 3522 1286 3589 inspexisse
1315 3523 1497 3576 doleo.
1567 3523 1708 3578 Nam
1732 3525 1791 3577 in
1824 3524 1971 3578 libro
2008 3522 2148 3590 „der
2176 3523 2279 3576 Stil
2311 3523 2368 3576 in
2399 3524 2507 3577 den

320 3610 687 3664 technischen
722 3627 776 3665 u.
802 3608 1016 3662 tekton.
1045 3609 1332 3662 Kiinsten“
1359 3611 1416 3664 in
1441 3613 1695 3682 parergis
1721 3607 1993 3680 ejusmodi
2017 3611 2363 3680 picturarum
2391 3628 2506 3665 sca·

320 3698 486 3763 bella,
538 3696 843 3763 „stehende
893 3697 1368 3767 Wandschirme“,
1427 3699 1821 3768 cognoscenda
1854 3699 1986 3770 lesse
2041 3702 2217 3769 putat.
2290 3699 2351 3751 In
2388 3699 2510 3766 hac,

326 3803 493 3854 quam
530 3788 837 3837 tractamus
869 3783 1090 3850 pictura
1126 3784 1310 3839 velum
1347 3803 1380 3839 a
1416 3804 1577 3840 muro
1615 3788 1759 3840 bene
1798 3789 1883 3839 est
1907 3786 2249 3840 distinctum.
2323 3786 2508 3840 Etiam

324 3875 661 3927 lineamenta
705 3886 872 3939 saepe
920 3869 1230 3939 duplicata,
1283 3878 1341 3927 et
1378 3891 1466 3926 res
1504 3875 1692 3927 variae
1727 3876 1784 3927 in
1822 3874 2048 3926 summis
2083 3876 2256 3927 muris
2296 3874 2511 3943 positae

328 3964 410 4031 (ut
446 3961 694 4030 gladium
733 3960 791 4011 in
828 3958 1077 4027 pictura,
1121 3978 1261 4027 quae
1297 3964 1462 4015 Arem
1505 3966 1563 4014 et
1597 3962 1946 4030 Aphroditen
1975 3961 2303 4029 conjunctos
2328 3965 2510 4014 osten·

327 4050 496 4103 dunt:
559 4047 629 4100 cf.
662 4046 948 4101 Rochettii
986 4047 1150 4100 choix
1188 4049 1259 4101 de
1296 4051 1587 4118 peintures
1627 4049 1742 4102 tab.
1782 4050 1868 4118 18)
1916 4064 2105 4102 muros
2141 4049 2364 4117 spissos,
2400 4065 2532 4101 non-

327 4134 574 4190 seabella
607 4135 975 4203 intelligenda
1011 4152 1130 4188 esse
1170 4136 1393 4190 docent.

466 4249 510 4318 2)
562 4247 638 4301 M.
677 4247 728 4301 J.
764 4250 848 4317 76,
887 4250 937 4316 6,
973 4267 1027 4318 p.
1064 4250 1171 4303 423
1205 4248 1264 4301 ff.
