2946 4740
1404 293 1481 354 13

339 473 458 538 bus
500 473 732 538 aulaea
773 481 1186 558 acceperunt,
1262 481 1336 539 ut
1381 474 1544 539 Dido
1601 474 1854 543 dicatur
1908 495 2103 540 aurea
2143 474 2388 540 aulaeis
2429 494 2533 539 su-

339 574 569 657 perbiS‚
613 576 678 640 id
709 583 807 640 est
835 576 1024 659 pictis
1055 578 1352 656 vestibus,
1396 598 1522 640 non
1569 597 1828 658 prorsus
1861 577 2115 655 refellit,
2160 577 2304 641 sed:
2348 595 2533 659 posse

339 676 615 758 aliquem
661 678 753 741 sic
797 680 1081 761 accipere
1120 679 1388 761 judicat.
1476 679 1680 756 „Nam
1740 699 1885 758 cur,
1945 680 2187 763 inquit,
2247 699 2372 742 non
2421 698 2532 742 au-

341 777 483 840 laea
525 784 860 843 sumantur
899 801 1015 862 pro
1063 780 1339 844 vestibus
1385 784 1458 843 ut
1501 786 1707 844 vestes
1736 801 1852 863 pro
1882 780 2127 846 aulaeis
2157 784 2347 862 grata
2377 797 2532 862 qua-

327 875 485 943 'dam
533 880 1009 946 vicissitudine?
1094 881 1340 945 Deinde
1403 881 1648 945 Nonius
1691 883 1996 947 Varronis
2053 883 2282 946 aulaea
2337 881 2533 943 inter-

337 986 631 1064 pretatur
675 1004 914 1066 „genus
955 983 1146 1047 vestis
1190 983 1625 1066 peregrinae.“
1712 984 1888 1063 Quae
1934 989 2121 1066 grata
2165 981 2534 1046 vicissitudo

337 1082 442 1149 vix
488 1083 812 1148 laudanda
853 1090 979 1162 est,
1017 1084 1215 1167 ·quod
1261 1085 1454 1171 vestis
1499 1085 1754 1167 quidem
1799 1086 2078 1169 amplam
2123 1083 2532 1166 significatio-

335 1206 482 1249 nem
527 1182 749 1271 habet,
785 1192 856 1250 ut
898 1207 1149 1251 omnem
1196 1207 1480 1268 pannum
1526 1188 1617 1250 sic
1661 1188 1986 1271 appellare
2031 1189 2371 1272 possimus,
2418 1206 2531 1250 au-

337 1286 480 1350 laea
537 1294 750 1351 autem
810 1288 1088 1352 minime:
1177 1287 1535 1369 Singularis
1588 1288 1724 1370 jam
1786 1296 1980 1372 atque
2038 1288 2392 1354 translatus
2434 1291 2534 1350 est

337 1408 489 1451 usus
547 1388 716 1453 verbi
782 1390 1004 1468 „vela“
1066 1389 1238 1472 apud
1297 1389 1666 1454 Ciceronem
1707 1396 1757 1472 ¹)
1820 1412 2020 1474 „quos
2074 1410 2237 1475 pexo
2300 1389 2535 1474 capillo

336 1489 569 1554 nitidos
611 1491 872 1568 videtis,
919 1491 1230 1555 mancatis
1274 1491 1541 1572 tuniciS,
1585 1491 1742 1556 velis
1786 1493 2084 1572 amictos,
2129 1514 2257 1558 non
2304 1493 2534 1575 togis.“

335 1627 419 1639 --
487 1592 681 1656 Recte
746 1592 904 1657 haec
966 1595 1184 1658 omnia
1239 1594 1571 1678 disputata
1629 1613 1766 1658 esse
1828 1594 2086 1678 pictura
2141 1615 2220 1658 ex
2265 1592 2530 1676 Vergilii

335 1694 552 1759 codice
597 1695 908 1760 Vaticano
952 1696 1290 1781 desumpta
1353 1696 1591 1780 optime
1636 1696 2075 1779 cognoscitur,
2118 1717 2312 1780 quam
2358 1695 2534 1760 vides

335 1795 506 1879 apud
553 1795 867 1861 Millinum
913 1798 1051 1861 Gal.
1088 1798 1348 1881 mythol.
1397 1798 1481 1877 11,
1524 1802 1660 1876 176,
1695 1802 1836 1862 647.
1927 1799 2002 1863 In
2046 1799 2255 1864 medio
2295 1796 2534 1863 'lectulo

338 1899 658 1982 tapetibus
711 1904 914 1963 strato
960 1900 1127 1964 Dido
1172 1900 1540 1978 consedens,
1586 1920 1732 1964 cum
1785 1900 1869 1965 ad
1925 1900 2219 1965 dextram
2267 1902 2534 1979 Aeneas,

335 2002 541 2066 Bitias
581 2002 662 2067 ad
709 2003 1035 2067 sinistram
1081 2003 1378 2080 sedeant,
1436 2002 1685 2067 duobus
1729 2001 1949 2084 digitis
1990 2001 2335 2086 porrectis,
2403 2021 2533 2084 qua

335 2106 585 2170 ratione
643 2104 855 2170 Italici
915 2104 1184 2170 salutari
1240 2104 1449 2169 solent
1473 2153 1491 2184 ,
1563 2105 1803 2188 hospiti
1846 2104 2211 2170 advenienti
2257 2103 2532 2167 salutem

333 2206 543 2272 dicere
586 2206 868 2284 videtur,
914 2207 1081 2271 sicut
1122 2208 1317 2272 etiam
1363 2207 1533 2290 apud
1581 2205 1933 2289 Vergilium
1981 2205 2142 2271 Dido
2188 2205 2424 2271 blande
2467 2209 2534 2268 et

332 2308 599 2374 comiter
655 2329 798 2374 eum
845 2310 1206 2394 compellat.
1300 2309 1544 2375 Aulaea
1585 2310 1649 2374 in
1697 2314 1875 2392 tergo
1922 2308 2327 2374 convivarum
2365 2306 2532 2392 opti-

329 2432 504 2475 mum
550 2419 701 2476 sunt
743 2413 1059 2495 specimen
1108 2433 1324 2477 verum
1372 2432 1528 2493 esse,
1572 2412 1743 2496 quod
1787 2412 2110 2477 contendi.

501 2541 788 2603 Alterum
844 2541 1038 2604 etiam
1088 2539 1353 2623 Vergilii
1415 2540 1625 2603 locum
1685 2538 2044 2622 aggressuri
2090 2543 2345 2616 sumus,
2420 2538 2533 2621 qui

332 2648 430 2706 est
472 2641 538 2704 in
569 2640 1017 2723 Georgicorum
1062 2642 1223 2706 libro
1269 2642 1352 2722 II,
1397 2646 1540 2705 464.
1635 2639 1726 2704 De
1767 2639 2075 2704 felicitate
2106 2639 2530 2723 agricolarum

333 2751 524 2829 poeta
567 2745 718 2828 agit,
762 2745 870 2826 qui

589 2846 760 2925 „Nec
800 2845 1010 2910 varios
1056 2845 1308 2911 inhiant
1349 2844 1624 2930 pulchra
1667 2843 1991 2909 testudine
2036 2849 2250 2927 postes

631 2948 1008 3031 Inlusasque
1052 2967 1211 3013 auro
1255 2954 1481 3024 vesteS,
1528 2946 1975 3030 Ephyreiaque
2021 2966 2191 3024 aera,

640 3048 797 3113 Alba
839 3069 1046 3131 neque
1095 3049 1347 3132 Assyrio
1390 3049 1648 3113 fucatur
1693 3048 1846 3113 lana
1892 3054 2195 3112 veneno.“

505 3175 627 3240 Hic
686 3175 928 3239 inlusae
985 3198 1142 3241 auro
1200 3169 1406 3241 ¹vestes
1459 3177 1690 3241 aulaea
1733 3197 1869 3242 esse
1912 3177 2191 3261 parietes
2235 3175 2534 3240 ornantia

334 3279 451 3343 etsi
515 3298 643 3341 non
705 3280 1084 3342 necessitate
1141 3278 1418 3361 quadam
1481 3278 1901 3344 concedamus
1953 3284 2242 3362 oportet,
2316 3283 2532 3342 tamen

334 3385 828 3445 consentaneum
888 3385 1012 3458 est,
1079 3381 1270 3462 juxta
1331 3385 1553 3464 portas
1610 3379 2002 3445 arteficiosas
2046 3385 2240 3463 atque
2283 3384 2533 3444 statuas

337 3488 478 3560 (aes
527 3481 958 3566 Corinthium)
1019 3481 1291 3547 cubiculi
1336 3483 1614 3565 parietes
1657 3482 1972 3565 imprimis
2029 3503 2143 3546 nos
2206 3481 2530 3545 admirari.

339 3583 558 3647 Denuo
615 3584 807 3648 etiam
869 3588 1070 3649 vestes
1127 3605 1284 3648 auro
1343 3585 1626 3649 intextas
1686 3583 1853 3648 male
1923 3583 2101 3648 lectis
2168 3581 2532 3646 commodas

333 3705 471 3750 esse
517 3706 776 3760 mone03
810 3686 1050 3768 quibus
1094 3686 1243 3751 alba
1287 3687 1437 3750 lana
1483 3686 1697 3769 aptior
1736 3685 2005 3762 videtur,
2052 3704 2216 3768 quae
2260 3704 2301 3747 a
2342 3688 2533 3767 poeta

336 3789 401 3852 in
462 3788 752 3871 proximo
811 3806 996 3851 versu
1052 3788 1371 3852 laudatur.
1476 3789 1705 3871 Itaque
1763 3806 1844 3850 ne
1899 3792 2154 3869 poetam
2209 3785 2306 3850 bis
2363 3785 2532 3849 idem

335 3890 544 3953 dicere
591 3889 1028 3965 concedamuS,
1079 3888 1310 3971 Heynii
1353 3888 1835 3972 interpretati0‚
1881 3888 1991 3971 qui
2034 3885 2294 3952 ludendi
2339 3904 2534 3950 causa

334 3992 613 4055 intextas
656 4012 814 4055 auro
858 3997 1063 4055 vestes
1108 3992 1428 4074 stragulae
1473 3991 1927 4075 intelligendas
1970 4011 2105 4054 esse
2150 3992 2384 4068 censet,
2430 4008 2534 4050 re-

478 4246 517 4314 1)
589 4245 727 4298 Cato
764 4244 832 4310 11,
873 4246 955 4296 11.
