2946 4740
1395 235 1468 295 21

328 429 513 508 parte
585 420 696 484 filii
765 423 1073 483 necentur
1131 421 1261 483 ruri
1297 425 1392 497 ¹);
1483 424 1549 482 et
1608 419 1739 483 alia
1796 421 1989 484 etiam
2037 421 2332 485 Vaticani
2375 441 2529 485 ana-

334 524 554 607 glypta
610 521 934 586 simillima
989 521 1160 605 apud
1206 521 1609 586 Pistolesium
1654 521 1730 585 Il.
1774 520 1980 586 Vatic.
2032 521 2139 600 IV,
2185 525 2302 603 463
2381 544 2528 587 nam

339 626 555 690 eodem
600 623 788 689 modo
833 625 973 688 loca
1017 627 1166 687 sunt
1207 624 1516 707 opposita.
1606 624 1683 688 In
1728 643 2045 706 gynaeceo
2090 623 2370 706 quinque
2413 646 2530 708 pu-

341 728 497 793 ellae
542 726 823 792 studiose
883 726 1208 809 disputare
1252 726 1576 804 videntur,
1641 727 1791 791 dum
1836 726 1991 791 foris
2033 746 2375 810 puerorum
2418 725 2531 790 alii

336 831 660 907 rixantur,
706 828 815 892 alii
862 828 1029 893 ludis
1075 827 1366 912 occupati
1405 834 1570 892 sunt.
1662 828 1838 893 Idem
1869 849 2254 912 gynaeceum
2285 826 2532 912 conspi-

334 934 501 999 citur
542 931 608 995 in
655 930 1015 1014 anaglyptis
1059 930 1229 1015 apud
1273 929 1591 994 Millinum
1640 929 1713 994 G.
1763 931 1845 994 M.
1897 931 1978 998 II.
2035 933 2173 1009 144,
2227 931 2376 1009 122,
2422 929 2530 995 ubi

335 1036 550 1102 Ledae
604 1040 857 1120 partuS,
933 1038 997 1097 et
1053 1031 1116 1096 in
1164 1032 1417 1116 pictura
1463 1031 1531 1095 in
1580 1030 1841 1097 thermis
1883 1031 2009 1097 Titi
2055 1033 2315 1098 inventa
2358 1032 2531 1118 apud

334 1139 405 1203 F.
456 1136 803 1202 Sicklerum
869 1133 1250 1213 (Almanach
1308 1153 1425 1198 aus
1489 1133 1667 1197 Rom.
1717 1134 1799 1210 ΙΙ,
1857 1134 1987 1199 tab.
2038 1137 2107 1218 3]
2179 1135 2287 1200 ubi
2350 1135 2531 1200 Titus

335 1242 600 1325 eJusque
643 1258 820 1303 soror
863 1236 1050 1301 modo
1095 1236 1231 1300 nati
1277 1235 1695 1301 celebrantur.
1785 1237 1859 1300 In
1903 1236 2240 1321 prostypis,
2283 1237 2349 1302 in
2395 1237 2535 1320 qui-

336 1345 457 1409 bus
503 1345 655 1406 Ares
702 1347 895 1425 atque
942 1338 1291 1423 Aphrodite
1349 1343 1639 1403 amantes
1684 1359 1722 1402 a
1768 1337 2051 1403 Vulcano
2098 1340 2379 1423 oppressi
2425 1340 2532 1404 de-

336 1446 689 1531 pinguntur
750 1441 948 1527 (apud
993 1441 1306 1506 Millinum
1371 1440 1444 1504 G.
1493 1441 1576 1504 M.
1628 1442 1676 1505 Ι.
1727 1444 1824 1519 38,
1894 1445 2044 1520 168;
2125 1442 2203 1507 cf.
2254 1441 2533 1506 Winkel-

339 1566 640 1612 mannum
686 1544 770 1609 Μ.
817 1545 876 1611 J.
921 1544 1031 1627 27)
1087 1544 1312 1609 aulaeo
1371 1542 1757 1627 singularem
1815 1544 1881 1606 in
1941 1543 2195 1608 modum
2241 1565 2393 1609 usus
2437 1550 2535 1611 est

337 1650 605 1727 artifex,
650 1653 723 1711 ut
751 1667 791 1711 a
820 1646 1122 1724 Vulcano,
1166 1645 1478 1710 laciniam
1498 1645 1622 1710 veli
1665 1650 1945 1725 tenente,
1975 1649 2212 1711 vestem
2244 1652 2533 1711 amantes

339 1752 761 1818 occultantem
806 1754 1108 1813 retectam
1157 1768 1290 1813 esse
1336 1748 1688 1812 credamus
1782 1749 2079 1812 Attamen
2125 1748 2202 1812 de
2234 1754 2404 1812 veste
2434 1747 2535 1812 vel

339 1858 706 1938 tegumento
770 1851 985 1936 aliquo
1046 1850 1223 1915 nullo
1283 1849 1470 1914 modo
1531 1849 1798 1932 cogitari
1870 1853 2096 1933 potest.
2218 1850 2532 1915 Eximium

339 1956 658 2041 quoddam
720 1960 912 2038 atque
971 1953 1203 2019 subtile
1261 1953 1604 2017 artificium
1663 1953 1728 2016 in
1787 1952 1909 2016 hac
1967 1972 2036 2017 re
2093 1952 2369 2036 positum
2417 1959 2532 2032 est,

340 2080 465 2143 quo
511 2056 802 2136 efficitur,
847 2061 920 2120 ut
964 2061 1165 2120 totam
1210 2076 1456 2120 scenam
1491 2060 1753 2119 strenuo
1784 2053 2258 2138 perspiciamus.
2345 2054 2412 2120 Si
2442 2056 2536 2122 ita

339 2161 899 2226 Winkelmannum
943 2158 1300 2242 intelligere
1345 2158 1665 2236 volumuS,
1725 2155 1835 2221 sed
1882 2177 2007 2221 non
2054 2156 2177 2222 nisi
2219 2156 2340 2237 ita,
2397 2158 2535 2241 ejus

338 2261 783 2347 interpretatio
829 2260 1201 2345 accipienda
1244 2259 1496 2324 videtur
1538 2259 1730 2323 haec:
1781 2258 2126 2338 „Vulcaine
2171 2257 2343 2325 elevo
2375 2260 2534 2325 dans

339 2388 410 2433 sa
455 2368 624 2430 main
672 2386 755 2428 un
801 2363 1023 2429 rideau
1070 2362 1148 2430 de
1191 2362 1297 2442 lit,
1342 2361 1633 2426 embleme
1676 2361 1751 2424 de
1794 2361 1859 2425 Za
1904 2360 2199 2426 situation
2243 2362 2401 2427 dans
2440 2363 2532 2429 la·

339 2469 547 2553 quelle
590 2468 636 2532 il
681 2468 924 2551 surprit
967 2466 1031 2529 la
1075 2464 1235 2530 belle
1281 2463 1576 2530 Citheree
1622 2462 1854 2549 aupres
1899 2463 1976 2528 de
2009 2464 2241 2529 Mars“.
2331 2465 2533 2530 Simul

341 2571 574 2636 artifex
615 2591 696 2633 ne
738 2568 1015 2634 ludibria
1060 2567 1388 2633 oculorum
1431 2568 1693 2652 perdat,
1735 2565 1943 2631 velum
1975 2586 2113 2630 cum
2152 2567 2533 2650 Aphrodites

340 2680 511 2739 veste
554 2674 648 2738 ita
694 2672 1050 2754 conjunxit,
1098 2676 1170 2735 ut
1215 2671 1485 2748 nesciaS,
1531 2676 1746 2735 utrum
1790 2670 1858 2733 in
1902 2666 2071 2746 velo,
2117 2687 2201 2732 an
2246 2668 2313 2732 in
2359 2675 2531 2735 veste

339 2797 454 2841 sua
512 2776 634 2840 dea
693 2775 935 2860 pudore
994 2772 1223 2838 affecta
1278 2793 1413 2837 sese
1457 2771 1779 2837 occultare
1824 2769 2095 2835 studeat.
2207 2771 2532 2849 Quomodo

339 2878 479 2942 fieri
521 2880 827 2962 potuerit,
892 2884 967 2942 ut
1009 2875 1292 2940 homines
1336 2873 1509 2939 docti
1552 2874 1618 2938 in
1662 2874 1783 2938 hoc
1826 2872 1922 2935 vel
1969 2871 2279 2938 similibus
2323 2894 2532 2939 exem-

340 2980 469 3066 plis
509 2987 643 3043 rete
686 2980 841 3045 illud
888 2999 1259 3062 cognoscere
1305 2982 1636 3061 putarent,
1704 2996 1829 3059 quo
1875 2975 2199 3041 Vulcanus
2242 2982 2532 3042 amantes

340 3081 779 3159 circumvenit,
826 3088 1016 3165 atque
1062 3080 1337 3165 decepit,
1386 3101 1513 3144 non
1558 3079 1958 3163 perspicuum
2005 3083 2121 3143 est.
2210 3077 2420 3143 Etiam
2463 3080 2530 3144 in

339 3205 600 3249 nummo
650 3183 1091 3267 Aphrodisiae‚
1139 3184 1355 3267 oppidi
1404 3183 1660 3262 Cariae,
1708 3201 1894 3264 quem
1938 3180 2227 3247 Clemens
2267 3180 2531 3247 Sibelia-

335 3308 457 3352 nus
478 3289 534 3369 2)
580 3285 812 3365 edidit,
857 3293 1000 3369 post
1032 3286 1421 3371 Aphrodites
1459 3291 1525 3349 et
1557 3286 1700 3349 Aris
1743 3282 1981 3365 figuras
2027 3283 2400 3364 conjunctas
2429 3306 2531 3350 ve-

334 3390 463 3454 lum
509 3387 922 3473 conspicitur,
990 3389 1066 3454 de
1112 3410 1235 3472 quo
1281 3387 1440 3452 alias
1484 3387 1829 3465 disseram3
1906 3386 2024 3449 hoc
2067 3407 2292 3452 moneo
2336 3388 2530 3453 verba

336 3491 642 3556 Sibeliani
691 3491 945 3572 „hinter
987 3492 1179 3556 ihnen
1223 3491 1307 3555 ist
1350 3492 1415 3553 in
1447 3489 1636 3553 Form
1682 3490 1855 3553 eines
1900 3490 2105 3554 Zeltes
2148 3490 2262 3555 das
2307 3510 2529 3573 ausge-

337 3599 608 3677 spannte
651 3594 975 3675 Fangnetz
1019 3593 1337 3658 sichtbar“
1383 3612 1642 3676 prorsus
1686 3612 1819 3657 esse
1863 3593 2225 3675 rejicienda.
2276 3628 2357 3640 -

506 3696 713 3777 Atque
758 3701 830 3758 ut
870 3696 1076 3761 denuo
1120 3698 1311 3762 etiam
1356 3697 1722 3781 pharetram
1766 3694 1944 3759 illam
1990 3694 2365 3778 Scythicam,
2425 3716 2526 3760 su-

338 3819 454 3882 pra
495 3799 632 3881 jam
680 3804 1095 3863 memoratam
1113 3801 1168 3874 3)
1216 3798 1513 3865 afferam:
1582 3819 1705 3863 non
1752 3797 1995 3862 minimi
2039 3817 2178 3861 eam
2226 3799 2527 3864 momenti

450 3973 515 4041 ’1)
555 3972 627 4026 cf.
663 3971 895 4038 Preller‚
936 3970 1028 4023 Gr.
1069 3969 1244 4039 Myth.
1283 3970 1352 4036 11,
1391 3971 1495 4023 382
1535 3970 1694 4023 Anm.
1738 3970 1802 4042 2.Ι

474 4059 517 4127 2)
553 4058 876 4113 Zeitschrift
924 4058 1015 4112 fiir
1060 4058 1415 4113 Miinzwesen
1462 4072 1573 4109 von
1620 4055 1815 4109 Huber
1861 4054 1976 4108 und
2012 4054 2334 4110 Carabacek
2372 4056 2524 4123 1870,

330 4148 447 4201 tab·
484 4146 716 4304 gliild'ud
754 4233 1135 4303 Stephanium,
1182 4236 1406 4301 compte
1446 4231 1623 4285 rendu
1665 4233 1816 4298 1864,
1853 4229 1968 4285 tab.
1994 4229 2096 4297 -IV,
2134 4247 2188 4299 p.
2230 4232 2347 4286 142.
