2946 4740
1492 264 1572 323 28

436 449 717 510 veterum
761 443 942 510 nobis
983 447 1212 511 summi
1258 448 1560 512 momenti
1604 454 1781 528 sunt,
1848 447 2014 532 quod
2061 469 2161 512 res
2203 468 2385 512 veras
2430 446 2621 511 nullis

370 554 373 557 ’
437 546 808 630 ambagibus
849 548 1206 614 ostendunt.

602 704 769 769 Nam
812 706 1060 769 ceterae
1103 725 1267 788 quae
1312 708 1570 769 exstant
1611 706 1899 788 picturae
1938 705 2017 770 ob
2049 725 2155 770 eas
2185 726 2417 783 omneS,
2464 726 2625 787 quas

437 826 630 889 supra
688 805 927 889 protuli
969 827 1221 884 causas,
1280 806 1423 871 vela
1465 805 1597 870 fere
1645 828 1958 891 nusquam
2004 807 2364 872 ostendunt.
2475 809 2626 872 Par·

437 929 588 990 erga
632 907 697 971 in
745 906 1012 991 picturis
1054 928 1219 992 quae
1264 929 1364 972 res
1408 908 1864 991 mythologicas
1910 910 2251 985 celebrant,
2296 908 2627 992 simplicis-

437 1007 599 1073 sima
656 1017 720 1074 et
776 1009 908 1074 fere
952 1010 1267 1092 neglecta,
1326 1010 1726 1076 lineamentis
1769 1012 2275 1077 architectonicis
2318 1011 2629 1095 imprimis

437 1111 786 1195 finguntur,
835 1132 998 1195 quae
1042 1112 1197 1177 velis
1240 1112 1530 1178 obductis
1573 1134 1739 1178 vana
1782 1121 2011 1192 essent,
2057 1121 2121 1178 et
2150 1115 2277 1178 vim
2307 1113 2630 1177 effectum-

439 1234 562 1296 que
617 1235 836 1279 eorum
891 1213 1243 1298 perderent.
1347 1219 1648 1281 Attamen
1694 1216 2012 1299 permulta
2055 1215 2167 1280 illa
2210 1215 2522 1281 foramina
2565 1221 2631 1280 et

438 1316 687 1381 minora
749 1322 815 1380 et
871 1316 1148 1398 majora,
1221 1338 1387 1408 quae
1450 1319 1518 1382 in
1582 1318 1873 1403 plurimis
1940 1318 2300 1400 hujusmodi
2365 1317 2630 1402 picturis

439 1423 841 1502 spectantur,
887 1439 965 1482 ex
1011 1426 1135 1483 usu‘
1173 1419 1494 1484 cotidiano
1541 1441 1706 1498 esse,
1752 1422 1970 1503 itaque
2016 1420 2123 1485 ubi
2169 1419 2260 1485 sol
2304 1441 2381 1484 ea
2410 1427 2631 1503 tange-

437 1526 538 1585 ret
593 1520 746 1584 velis
806 1521 1096 1584 concludi
1153 1522 1433 1606 potuisse
1490 1522 2014 1586 verisimillimum
2061 1528 2176 1587 est.
2278 1522 2460 1601 Quod
2505 1542 2631 1586 non

439 1621 624 1686 modo
682 1623 915 1687 attinet
966 1623 1050 1687 ad
1092 1623 1250 1688 haec
1294 1645 1459 1707 quae
1499 1645 1706 1708 pauca
1748 1646 1826 1688 ex
1868 1623 2087 1713 multis
2129 1624 2380 1708 profero
2425 1644 2635 1688 exem-

439 1725 549 1809 pla
607 1724 777 1807 apud
823 1724 1233 1789 Wieselerum
1271 1727 1319 1808 ¹)
1367 1726 1476 1790 sed
1523 1726 1604 1790 ad
1659 1730 1873 1791 omnia
1916 1746 1993 1790 ea
2035 1747 2199 1809 quae
2241 1727 2305 1790 in
2351 1726 2636 1811 parergis

440 1848 655 1891 muros
699 1827 977 1891 minutos
1034 1826 1353 1893 exhibent.
1457 1827 1749 1912 Exempli
1805 1848 1998 1893 causa
2040 1827 2291 1912 profero
2334 1829 2635 1913 picturas,

445 1949 608 2011 quae
640 1929 904 1994 Medeae
946 1928 1231 1994 fabulam
1277 1931 1478 2014 (apud
1516 1929 1874 2011 Helbiginm
1910 1951 1958 1996 s.
1992 1930 2106 1995 No.
2147 1934 2333 2016 1262)
2378 1937 2443 1996 et
2472 1952 2637 2015 quae

446 2034 636 2096 Arem
683 2039 748 2095 et
779 2031 1173 2116 Aphroditen
1217 2034 1591 2116 conjunctos
1640 2032 1985 2097 ostendunt
2030 2032 2227 2117 (apud
2273 2034 2545 2098 eundem
2590 2057 2636 2099 s.

447 2155 506 2197 n.
555 2135 724 2217 318).
835 2134 939 2199 Sic
996 2135 1166 2199 enim
1220 2135 1515 2200 existimo
1574 2134 1904 2214 artificem,
1965 2156 2108 2198 cum
2167 2135 2323 2199 haec
2366 2156 2640 2218 parerga

437 2237 742 2320 pingeret,
785 2236 1172 2301 lineamenta
1204 2257 1366 2301 vana
1405 2246 1471 2303 et
1492 2239 1731 2322 inepta,
1783 2258 1930 2302 vero
1959 2259 2221 2322 prorsus
2252 2259 2376 2304 non
2408 2239 2640 2302 similia

445 2338 836 2421 excogitasse
881 2339 1140 2405 minime
1184 2361 1320 2407 esse
1362 2345 1873 2406 consentaneum.
1929 2394 1933 2399 .
1979 2341 2205 2425 Itaque
2231 2361 2639 2425 >quamquam

439 2442 720 2525 pictura,
780 2462 943 2523 quae
993 2441 1299 2508 Amorum
1344 2444 1772 2525 venditionem
1816 2443 2102 2528 depingit
2159 2443 2357 2527 (apud
2400 2443 2635 2507 Wiese-

439 2544 645 2608 lerum
690 2543 766 2607 D.
812 2544 872 2608 d.
918 2566 975 2610 a.
1006 2545 1085 2609 K.
1134 2546 1216 2610 11.
1265 2550 1364 2626 52,
1409 2549 1561 2624 660)
1606 2546 1795 2610 nimis
1840 2548 2126 2631 parergis
2168 2548 2302 2620 niti„
2330 2551 2636 2623 vetamur,

443 2667 586 2710 cum
631 2646 719 2711 ibi
765 2668 985 2712 murus
1027 2647 1345 2730 gradatim
1393 2649 1677 2713 minutus
1721 2650 1965 2732 positus
2009 2669 2144 2712 esse
2188 2649 2509 2722 videatur,
2566 2654 2641 2712 ut

448 2749 616 2813 senis
659 2748 864 2831 figura
907 2752 1298 2833 promineat,
1364 2757 1578 2815 tamen
1625 2753 1815 2828 lociS,
1861 2750 2205 2816 humilibus
2250 2751 2449 2814 muris
2492 2770 2643 2814 con-

445 2852 669 2933 clusis,
714 2860 960 2918 veteres
1004 2874 1150 2917 usos
1197 2873 1330 2916 esse
1391 2854 1613 2930 credo,
1681 2876 1845 2938 quae
1890 2875 2033 2917 cum
2079 2855 2264 2919 domo
2308 2857 2448 2917 arte
2494 2872 2642 2915 con-

437 2956 667 3040 juncta
711 2965 898 3032 erant
939 2962 1006 3020 et
1049 2976 1213 3039 quae
1258 2955 1591 3021 frondibus
1636 2958 1700 3021 e't
1744 2957 1900 3021 velis
1930 2955 2297 3021 adumbrari
2328 2960 2639 3037 poterant.

445 3060 654 3137 Quare
701 3080 890 3142 saepe
934 3080 969 3123 e
1011 3079 1193 3122 muro
1237 3057 1434 3142 pilam
1483 3059 1805 3142 quandam
1851 3058 2294 3124 escendentem
2340 3056 2640 3133 videmus,

444 3182 608 3244 quae
650 3168 889 3227 tectum
933 3160 1068 3225 leve
1115 3159 1300 3223 ferat.
1401 3160 1699 3225 Fortasse
1742 3163 1917 3226 locus
1960 3162 2081 3225 hoc
2128 3160 2315 3224 modo
2358 3166 2640 3223 exstruc-

442 3273 547 3328 tus
591 3284 741 3328 voce
788 3268 1207 3348 ,‚procoeton“
1259 3263 1430 3347 apud
1478 3264 1747 3328 Plinium
1798 3264 2178 3348 appellatur.
2269 3261 2409 3326 Tali
2454 3260 2639 3325 modo

442 3366 853 3450 interpretari
899 3365 1200 3431 debemus
1244 3387 1516 3449 parerga
1561 3367 1845 3450 picturae
1878 3366 2049 3430 illius
2079 3364 2544 3450 pulcherrimae
2564 3364 2641 3441 2),

444 3489 608 3550 quae
653 3469 934 3553 puellam
981 3469 1223 3534 discum
1272 3470 1556 3536 colorum
1602 3468 1907 3532 ferentem
1954 3467 2249 3542 ostendit,
2306 3467 2372 3530 in
2421 3464 2641 3530 tabula

445 3571 828 3653 pingentem.
934 3572 1255 3656 Spatium,
1314 3573 1379 3636 in
1437 3591 1564 3654 quo
1609 3571 1811 3643 sedet,
1874 3591 2055 3633 muro
2115 3569 2338 3633 humili
2399 3567 2639 3643 finitur,

445 3692 524 3734 ex
569 3694 693 3754 quo
737 3673 870 3758 pila
914 3675 978 3738 in
1025 3675 1236 3739 media
1279 3675 1412 3738 fere
1456 3672 1734 3754 imagine
1780 3673 2010 3753 surgit,
2056 3673 2149 3736 ita
2196 3678 2267 3735 ut
2308 3679 2373 3735 et
2414 3670 2642 3733 dextra

449 3781 512 3838 et
558 3776 816 3842 sinistra
858 3798 1055 3842 manu
1097 3777 1340 3842 lumina
1385 3776 1521 3840 lata
1566 3775 1951 3853 efficiantur,
1998 3796 2266 3862 quorum
2311 3773 2516 3837 altera
2560 3770 2642 3835 ad

446 3875 694 3942 laevam
737 3881 945 3962 posita
989 3880 1127 3945 velo
1172 3879 1468 3944 conclusa
1514 3883 1690 3955 sunt,
1748 3883 1821 3941 ut
1862 3876 2119 3942 tabulae
2164 3877 2255 3940 illi
2312 3875 2523 3946 lumen
2578 3879 2643 3937 et

593 4174 631 4242 ¹)
672 4172 736 4226 D.
775 4171 828 4225 d.
867 4187 913 4223 a.
952 4169 1020 4223 K.
1056 4169 1124 4224 11.
1160 4172 1245 4237 25,
1283 4171 1402 4223 273.
1442 4172 1525 4237 30,
1564 4171 1685 4225 330.
1722 4171 1808 4237 55,
1846 4171 1964 4222 207.

586 4261 633 4330 ²)
671 4258 820 4331 apud
855 4258 1176 4328 Helbiginm
1215 4276 1257 4313 s.
1293 4275 1347 4311 n.
1390 4260 1541 4325 1444,
1578 4257 1692 4311 tab.
1728 4257 1819 4312 IV.
