2946 4740
1353 246 1429 309 31

293 454 425 499 esse
470 437 738 511 veteres,
803 435 977 497 recte
1026 430 1343 521 Mazovius
1386 434 1452 494 et
1497 426 1740 492 Gellius
1783 426 2156 492 docuerunt.
2266 426 2481 495 Etiam

290 535 629 600 tablinium
673 554 714 599 a
755 532 1003 598 duabus
1046 531 1362 616 partibus,
1420 536 1486 596 et
1527 530 1743 596 fauces
1787 529 2011 595 domus
2053 529 2145 596 ita
2187 526 2481 594 concludi

298 642 605 721 poterant.
633 673 713 685 --
743 638 1103 719 Antequam
1134 634 1388 701 domum
1419 633 1622 718 ipsam
1654 631 2090 714 relinquamus
2118 629 2484 714 anaglyptis

301 758 340 802 a
395 737 459 803 R.
492 737 845 803 ‘Rocbettio
874 743 926 817 ι)
993 738 1183 803 editis
1247 756 1609 814 monemur,
1676 738 1751 799 ut
1810 733 1889 800 de
1954 733 2135 799 lectis
2196 737 2482 800 veterum

296 859 497 923 pauca
553 838 882 909 addamus,
988 840 1063 904 In
1129 837 1521 922 sarcophago
1578 835 1689 902 illo
1744 834 2030 901 volucres
2086 834 2213 901 duo
2255 833 2484 903 mortis

290 942 460 1023 genii
506 939 759 1007 barbati
801 943 1001 1027 cippis
1043 942 1322 1007 nitentes
1362 939 1599 1006 lectum
1642 939 2081 1016 circumstant,
2126 937 2193 1005 in
2237 957 2363 1020 quo
2391 935 2481 1000 fe-

289 1044 468 1108 mina
505 1043 696 1125 jacet.
784 1043 882 1110 Ad
925 1043 1214 1109 dextram
1248 1042 1605 1109 Charonem
1649 1041 2074 1123 navigantem,
2120 1038 2201 1106 ad
2231 1038 2480 1103 laevam

290 1144 632 1209 Herculem
679 1144 1018 1214 Cerberum
1061 1144 1482 1211 abducentem
1526 1144 1719 1210 vides.
1811 1143 2067 1208 Mortua
2109 1146 2324 1207 autem
2367 1139 2481 1205 illa

282 1249 463 1332 jacet
492 1249 608 1315 sub
638 1254 804 1317 tecto
833 1250 900 1314 in
933 1249 1077 1314 coni
1107 1248 1377 1313 formam
1402 1246 1692 1326 redact0,
1735 1245 1814 1310 de
1845 1266 1970 1329 quo
2000 1243 2308 1328 bipartita
2336 1242 2482 1309 vela

293 1350 657 1434 dependent
716 1352 1038 1433 utrimque
1096 1350 1365 1433 rejecta,
1428 1351 1523 1415 ita
1586 1354 1658 1415 ut
1698 1348 1846 1415 lecti
1889 1367 2040 1432 pars
2085 1346 2374 1430 superior
2414 1349 2484 1411 et

289 1453 553 1518 inferior
606 1459 859 1519 tantum
925 1458 1197 1536 tegatur.
1290 1451 1380 1517 De
1426 1452 1545 1517 hoc
1587 1450 1963 1517 Rochettius
2001 1451 2095 1533 (p.
2144 1449 2294 1532 226)
2339 1447 2479 1527 „On

292 1556 450 1637 voit,
509 1557 745 1641 inquit,
806 1577 888 1621 au
949 1561 1165 1621 centre
1207 1555 1287 1619 de
1333 1554 1398 1618 la
1439 1552 1854 1639 composition
1900 1572 2049 1619 sous
2091 1571 2215 1616 une
2256 1549 2480 1636 espece

288 1658 569 1725 d’alcove
626 1679 750 1723 une
791 1658 1020 1725 femme
1063 1655 1298 1727 tendue
1342 1676 1451 1720 sur
1493 1676 1581 1721 un
1624 1654 1760 1721 lit“.
1863 1653 1986 1721 Sed
2030 1653 2290 1719 ubinam
2332 1672 2481 1718 con-

291 1761 467 1826 clave
527 1761 947 1845 conspicitur,
1007 1758 1177 1843 quod
1234 1758 1530 1837 „alcove“
1585 1754 1895 1842 appellari
1951 1755 2200 1841 possit?
2315 1755 2480 1821 Ecce

291 1862 449 1930 illud
491 1868 733 1929 tectum
775 1863 909 1931 suis
935 1859 1202 1949 pedibus
1231 1859 1465 1940 fertur3
1507 1860 1725 1943 itaque
1754 1858 2033 1944 ligneum
2061 1857 2331 1924 fortasse
2362 1848 2484 1937 est,

291 1966 457 2031 sicut
497 1965 699 2033 lectus
742 1966 895 2050 ipse.
979 1964 1142 2029 Tota
1183 1983 1284 2027 res
1329 1961 1607 2029 maxime
1649 1960 2033 2029 conferenda
2076 1965 2174 2026 est
2216 1980 2359 2026 cum
2403 1980 2484 2025 eo

290 2068 463 2151 quod
506 2070 705 2135 nostri
747 2067 1035 2133 homines
1078 2064 1574 2146 „Himmelbett“
1606 2069 1849 2131 vocant.
1938 2063 2149 2129 Etiam
2179 2062 2480 2129 memine—

289 2170 407 2247 ris,
478 2169 559 2237 ab
616 2189 769 2236 arcu
824 2168 1086 2237 lecticae
1143 2167 1284 2235 vela
1344 2167 1716 2251 plerumque
1761 2166 2144 2255 dependere,
2209 2185 2482 2249 eamque

288 2270 444 2336 velis
487 2269 778 2337 obductis
821 2271 1177 2337 reductisve
1220 2275 1510 2355 opertam
1553 2269 1656 2334 vel
1698 2275 1989 2353 apertam
2032 2268 2277 2347 vocari;
2322 2268 2480 2352 quin

287 2381 354 2440 et
381 2376 447 2439 in
485 2373 722 2440 lectica·
748 2375 997 2441 funebri
1032 2374 1162 2442 tale
1191 2373 1344 2457 quid
1375 2372 1580 2439 videri
1618 2372 1783 2439 licet„
1872 2373 1995 2440 Pro
2031 2372 2187 2442 velis
2220 2370 2348 2438 illis
2377 2370 2477 2437 vel

287 2476 564 2562 plagulis
606 2478 800 2546 etiam
844 2477 1114 2544 reticula
1157 2474 1444 2542 adhiberi
1490 2474 1673 2540 testis
1715 2479 1812 2540 est
1841 2473 1972 2541 Ael.
2006 2473 2383 2558 Spartianus
2402 2476 2482 2558 ²),

291 2600 478 2664 quem
535 2599 728 2663 supra
782 2581 921 2663 jam
961 2578 1252 2646 laudavi:
1316 2577 1562 2656 „fertur
1602 2577 1797 2644 etiam
1844 2576 2020 2643 aliud
2063 2597 2261 2661 genus
2305 2576 2477 2643 volu-

288 2684 515 2766 ptatis,
548 2681 716 2767 quod
750 2682 951 2747 Verus
979 2682 1326 2750 invenerat.
1414 2679 1582 2750 Nam
1610 2679 1842 2748 lectum
1872 2679 2298 2747 eminentibus
2325 2700 2481 2764 qua-

289 2791 435 2850 tuor
477 2784 867 2851 anacliteriis
908 2783 1149 2849 fecerat
1190 2783 1434 2850 minutc
1477 2781 1742 2851 reticulo
1786 2780 2065 2866 undique
2096 2782 2478 2861 conclusum,

295 2906 559 2968 eumque
601 2886 770 2954 foliis
811 2906 998 2954 rorae
1042 2921 1126 2934 --
1165 2886 1512 2970 replebat“.
1598 2884 1780 2952 Nova
1818 2885 1886 2950 in
1928 2883 2047 2952 hoc
2087 2889 2346 2967 praeter
2373 2905 2476 2951 ro-

296 3006 510 3050 sarum
553 2987 703 3055 folia
725 3039 739 3067 ,
786 2995 1061 3073 quatuor
1105 2988 1219 3056 illa
1248 2987 1627 3055 anacliteria
1654 2992 1839 3053 erant
1855 3035 1874 3064 ,
1914 3006 2058 3054 cum
2088 2985 2249 3055 alias
2279 3007 2476 3053 unum

297 3087 395 3153 vel
440 3087 563 3154 duo
607 3094 853 3158 tantum
887 3091 1187 3175 (alterum
1232 3089 1312 3155 ad
1359 3095 1573 3173 caput,
1618 3089 1896 3157 alterum
1938 3088 2022 3154 ad
2065 3088 2288 3172 pedes)
2327 3110 2476 3156 con-

292 3190 644 3275 spiciantur
715 3192 818 3273 (cf.
864 3192 1245 3260 Salmasium
1303 3194 1370 3257 in
1429 3191 1791 3259 Casauboni
1847 3190 2129 3257 editione
2185 3193 2476 3277 scriptor.

266 3293 439 3381 hist.
485 3301 643 3377 Aug.
699 3315 761 3377 p.
811 3299 941 3378 63).
1047 3294 1451 3364 Anacliteriis
1504 3294 1658 3362 altis
1726 3293 2173 3361 circumductis
2229 3295 2475 3362 minuto

291 3416 442 3461 sane
486 3396 756 3462 reticulo
802 3418 960 3482 opus
1009 3404 1178 3475 erat,
1221 3402 1296 3463 ut
1323 3396 1527 3462 lectus
1553 3395 1836 3480 undique
1867 3397 2285 3477 clauderetur,
2329 3418 2475 3468 cum

290 3498 355 3563 in
401 3499 762 3583 anaglyptis
807 3498 932 3567 illis
974 3499 1056 3568 ad
1100 3506 1337 3568 terram
1384 3497 1818 3583 dependerent
1859 3498 2021 3565 vela.
2063 3536 2149 3549 --
2385 3485 2388 3492 ’

462 3599 640 3662 Alius
703 3607 802 3665 est
866 3621 1014 3665 usus
1070 3601 1349 3667 velorum
1406 3602 1473 3666 in
1518 3602 1690 3667 cavis
1733 3601 1986 3668 aedium
2032 3607 2097 3666 et
2139 3603 2205 3666 in
2251 3601 2470 3667 hortis.

290 3702 464 3768 Cava
520 3701 775 3768 aedium
833 3702 1162 3768 arboribus
1217 3710 1282 3770 et
1323 3705 1640 3770 fruticetis
1679 3705 1961 3771 umbrari
2006 3705 2332 3770 Vitruvius
2369 3704 2473 3787 ju·

290 3805 396 3869 bet
424 3805 528 3886 (V.
563 3809 620 3884 9,
652 3808 716 3882 5)
761 3803 967 3886 „quod
999 3804 1385 3888 hypaethroe
1415 3806 1879 3873 ambulationes
1908 3806 2148 3872 habent
2176 3826 2472 3890 magnam
2503 3816 2509 3822 ’

290 3904 792 3974 salubritatem“.
895 3908 1191 3972 Attamen
1247 3909 1505 3975 arbores
1565 3909 1900 3986 umbrosae
1954 3911 2017 3974 in
2063 3909 2291 3993 amplis
2333 3913 2472 3972 tan-

431 4130 484 4200 ¹)'
508 4134 582 4187 M.
616 4134 666 4187 J.
701 4133 817 4188 tab.
851 4134 920 4186 42
957 4133 1022 4186 A.

429 4232 474 4299 2)
509 4231 631 4285 Ael.
669 4231 847 4288 Verus
882 4231 925 4284 Ι.
961 4235 1046 4298 29,
1083 4232 1168 4285 28.
