2946 4740
1368 274 1445 333 25

1012 358 1030 390 ἱ

314 461 447 532 rat,
515 455 708 518 alium
769 453 1041 538 denique
1096 456 1160 518 in
1221 456 1585 540 anaglyptis
1640 457 2030 537 Mantuanis,
2098 480 2261 542 quae
2306 459 2506 525 edidit

318 555 619 635 Labus1).
723 556 899 634 Quae
954 556 1116 621 alias
1158 558 1572 624 inveniuntur
1613 566 2130 644 parapetasmata
2172 561 2236 625 in
2286 560 2506 645 hujus-

321 658 487 722 modi
545 655 932 742 anaglyptis‚
992 664 1104 723 aut
1160 659 1514 726 thalamum
1560 661 1941 746 depingunt,
2004 663 2166 728 sicut
2208 663 2276 727 in
2318 669 2505 747 parte

322 760 559 824 minore
584 760 960 844 sarcophagi
991 761 1069 826 de
1100 762 1464 843 Monticelli,
1512 765 1620 830 ubi
1652 785 1691 828 a
1721 764 1984 848 reliquis
2013 764 2149 830 deis
2178 765 2504 849 sejunctae

318 863 574 927 Gratiae
629 864 696 927 in
741 863 918 929 cultu
962 869 1199 948 nuptae
1243 872 1587 951 occupatae
1632 871 1812 944 sunt,
1879 872 1991 931 aut
2034 867 2288 932 omnino
2330 869 2503 933 cubi-

314 964 525 1029 culum
584 964 1051 1046 dormitorium,
1122 969 1284 1032 sicut
1342 970 1407 1034 in
1462 969 1673 1035 fronte
1732 970 1977 1035 minore
2031 971 2408 1055 sarcophagi
2464 992 2504 1035 a

313 1067 509 1131 Gorio
567 1067 888 1151 publicati.
934 1106 1019 1117 —-
1089 1070 1379 1154 Denique
1437 1072 1502 1135 in
1565 1071 1927 1156 anaglyptis
1971 1073 2502 1157 sarcophagorum

313 1169 577 1235 secundi
619 1171 717 1235 vel
763 1172 938 1237 tertii
981 1194 1039 1237 a.
1088 1173 1238 1238 Chr.
1284 1195 1344 1237 n.
1395 1173 1650 1253 saeculi,
1695 1195 1859 1258 quae
1902 1174 2243 1257 conjugum
2289 1195 2500 1241 veram

312 1272 685 1357 plerumque
727 1273 1071 1339 ostendunt
1113 1275 1378 1359 effigiem
1417 1276 1646 1341 aulaea
1677 1282 1819 1360 post
1848 1283 2098 1360 tergum
2128 1278 2503 1343 maritorum

313 1379 430 1438 aut
492 1375 971 1458 conjunctorum
1031 1384 1146 1443 aut
1202 1380 1266 1444 in
1314 1378 1476 1443 duas
1519 1385 1737 1463 partes
1778 1385 2094 1445 extremas
2135 1378 2504 1446 distributo-

234 1534 237 1537 .
311 1498 483 1555 rum,
527 1477 686 1543 bene
731 1479 1074 1545 admonent
1119 1482 1685 1566 sarcophagorum,
1730 1481 1839 1564 qui
1882 1480 2141 1565 nuptias
2183 1482 2505 1550 celebrant

316 1579 426 1658 (cf.
474 1580 716 1645 Lasinii
777 1580 1081 1648 Raccolta
1140 1585 1206 1648 di
1249 1584 1558 1669 Sarkoph.
1605 1589 1723 1649 etc.
1783 1583 1912 1648 tab.
1983 1589 2036 1661 1,
2088 1589 2183 1648 15.
2259 1590 2351 1665 17,
2398 1591 2500 1651 50.

314 1685 414 1760 21,
463 1686 562 1746 73.
614 1687 751 1762 142,
801 1683 926 1763 63).
1031 1685 1172 1750 Sive
1218 1688 1482 1752 maritos
1536 1687 1652 1751 sub
1694 1685 1967 1768 imagine
2010 1706 2211 1751 novae
2259 1687 2503 1772 Aphro-

314 1783 479 1848 dites
522 1785 792 1871 novique
839 1787 1077 1852 Adonis
1120 1789 1490 1872 conjunctos
1506 1792 1562 1865 2)
1610 1789 1738 1853 sive
1788 1793 2073 1852 mortuos
2116 1788 2503 1857 dormientes

314 1886 688 1966 videmus3),
734 1890 1030 1955 aulaeum
1076 1894 1340 1976 semper
1367 1891 1703 1969 habemus,
1751 1891 1920 1972 quod
1964 1891 2027 1955 in
2073 1892 2314 1975 nuptiis
2350 1895 2506 1959 atri-

313 2009 418 2052 um
465 1990 755 2056 ornabat.
846 1992 1013 2058 Bene
1059 1994 1225 2058 enim
1269 1993 1410 2059 fieri
1452 1993 1734 2078 potuisse
1769 1993 2007 2076 judico,
2056 1999 2127 2057 ut
2156 1995 2505 2078 sculptores

312 2090 503 2172 hujus
546 2095 791 2176 generis
833 2101 1412 2176 monumentorum,
1455 2117 1694 2161 morem
1740 2095 1953 2160 aulaei
1991 2094 2268 2187 fingendi
2294 2097 2375 2162 ab
2405 2098 2505 2177 iis,

314 2214 477 2277 quae
522 2217 703 2261 veras
747 2198 1005 2281 nuptias
1053 2198 1479 2278 celebrabant,
1536 2198 1897 2283 anaglyptis
1941 2199 2024 2264 ad
2070 2198 2305 2264 similia
2349 2199 2505 2266 haec

318 2304 728 2364 monumenta
770 2300 1194 2366 traducerent.
1284 2302 1374 2366 De
1420 2323 1495 2367 eo
1540 2301 1706 2387 quod
1755 2306 2037 2366 extremo
2068 2302 2206 2367 loco
2237 2322 2505 2367 comme·

317 2402 560 2465 moravi
616 2403 905 2486 exemplo
962 2403 1080 2470 hoc
1132 2406 1384 2471 addam.
1492 2406 1809 2489 Conjuges
1853 2410 2135 2470 mortuos
2179 2411 2505 2490 tamquam

318 2503 702 2570 dormientes
759 2507 1041 2590 depictos
1098 2529 1232 2573 esse
1297 2529 1374 2571 ex
1433 2528 1512 2571 ea
1568 2508 1695 2591 qua
1752 2507 1982 2573 utebar
2031 2508 2307 2592 imagine
2365 2529 2508 2573 con·

319 2605 487 2671 cludi
528 2628 709 2690 posse
753 2608 1106 2674 credebam.
1199 2611 1416 2694 Neque
1443 2612 1707 2675 Amores
1749 2611 1959 2674 velum
2004 2610 2252 2675 laciniis
2290 2616 2510 2674 tenen-

316 2713 439 2789 tes,
483 2710 577 2775 ita
622 2716 693 2774 ut
737 2731 845 2776 eos
888 2712 1271 2778 dormientes
1313 2698 1711 2777 contecturos
1752 2733 1887 2776 esse
1933 2712 2174 2791 credaS,
2220 2710 2367 2776 huic
2409 2711 2508 2776 in-

316 2812 756 2894 terpretationi
800 2814 1072 2878 obstant.
1162 2815 1665 2880 Pulcherrimum
1709 2815 1829 2878 hoc
1873 2814 2350 2894 documentum,
2404 2835 2507 2878 ve-

320 2933 456 2975 rum
525 2935 658 2979 esse
722 2916 881 2980 illud
947 2917 1117 3000 quod
1179 2938 1370 3001 supra
1427 2918 1505 2982 de
1550 2917 1834 2982 Vulcano
1896 2916 2190 2982 aulaeum
2251 2922 2508 2981 tenente

321 3015 471 3079 dixi.
563 3017 685 3091 Hic
726 3018 895 3082 enim
939 3021 1201 3085 maritos
1246 3020 1384 3084 velo
1430 3021 1699 3102 contegi,
1756 3019 1887 3085 illic
1933 3025 2223 3084 amantes
2264 3024 2506 3084 retecto

318 3117 458 3182 velo
503 3138 763 3201 prensos
804 3140 937 3184 esse
980 3120 1295 3186 credimus
1338 3143 1550 3187 errore
1588 3122 2066 3206 jucundissimo.
2174 3122 2296 3187 Sed
2340 3141 2507 3205 quae

314 3220 383 3283 in
429 3220 652 3285 mediis
696 3222 1052 3307 anaglyptis
1097 3225 1466 3309 sarcophagi
1513 3245 1553 3290 a
1598 3225 1856 3290 Lasinio
1900 3225 2028 3290 tab.
2078 3230 2134 3304 3,
2176 3228 2255 3288 22
2302 3223 2506 3309 publi-

315 3324 443 3388 cati
487 3323 899 3389 inveniuntur
939 3326 1191 3406 aulaea,
1268 3349 1391 3392 non
1437 3329 1594 3392 satis
1639 3327 1942 3412 explicari
1986 3331 2285 3410 possunt,
2360 3346 2501 3390 cum

314 3426 466 3511 quid
510 3432 764 3511 agatur,
811 3445 937 3493 non
987 3429 1070 3492 sit
1112 3429 1538 3495 manifestum.
1652 3429 2012 3494 Corneliam
2056 3430 2229 3494 illam
2273 3450 2312 3494 a
2357 3429 2507 3494 Pro-

300 3529 518 3612 --pertio
563 3529 661 3607 (V,
714 3531 823 3611 11)
866 3528 1246 3595 celebratam
1290 3552 1663 3616 cognoscere
1708 3538 2008 3617 putamus
2052 3537 2201 3598 ante
2232 3532 2508 3596 Minoem

314 3635 619 3707 stantem,
665 3632 773 3714 qui
818 3653 897 3696 ex
940 3634 1259 3699 volumine
1294 3636 1605 3717 judicium
1650 3635 1962 3719 proferat3
2030 3641 2161 3699 tum
2210 3631 2506 3698 aulaeum

314 3734 557 3797 fuscam
595 3733 831 3816 judicis
875 3735 1087 3800 aulam
1136 3744 1426 3802 ornatam
1473 3737 1579 3819 (cf.
1606 3737 1644 3803 l.
1674 3738 1712 3801 l.
1741 3760 1799 3802 v,
1825 3739 1897 3821 5)
1943 3736 2270 3800 indicaret.
2357 3735 2511 3799 For-

314 3841 496 3917 tasse·
537 3841 753 3899 autem
813 3857 1005 3901 senex
1062 3838 1169 3902 ille
1224 3837 1530 3904 barbatus
1584 3861 1725 3904 cum
1786 3839 2106 3904 volumine
2161 3842 2350 3921 poeta
2392 3842 2507 3914 est,

315 3937 495 4019 cujus
538 3937 796 4000 domum
829 3938 1154 4003 Musarum
1198 3943 1509 4023 quaedam
1560 3941 1923 4007 coelestium
1970 3940 2253 4004 intravit.
2326 3938 2507 4017 Quod

458 4109 498 4177 ¹)
538 4110 676 4162 Mus.
715 4109 862 4163 delle
895 4108 1069 4163 Reale
1104 4108 1210 4162 Ak.
1246 4110 1340 4177 ΙΙΙ,
1376 4114 1472 4177 533
1512 4112 1580 4165 cf.
1621 4111 2025 4167 Rossbachium
2065 4129 2120 4180 p.
2161 4112 2276 4163 122.

453 4197 497 4250 2)
536 4196 607 4250 cf.
644 4197 794 4253 Mon.
832 4196 987 4250 Ined.
1030 4199 1182 4263 1862,
1219 4198 1332 4251 tab.
1372 4201 1458 4252 68.

452 4284 497 4353 3)
537 4282 606 4337 cf.
644 4284 927 4338 Lasinium
964 4285 1081 4340 tab'.
1124 4286 1208 4353 68,
1247 4285 1330 4338 71.
