2946 4740
1546 261 1626 324 32

500 458 639 518 tum
682 451 848 516 areis
893 445 1415 525 inveniebantur;
1462 446 1833 531 plerumque
1875 446 2103 512 umbra
2132 445 2287 511 velis
2317 444 2615 510 coloratis
2637 446 2686 520 1)

502 574 694 639 super
737 551 1043 618 cavaedia
1096 549 1289 614 tensis
1347 547 1755 613 efficiebatur.
1861 549 1955 614 Ne
2001 548 2186 633 plura
2228 547 2306 612 de
2351 545 2449 610 his
2494 545 2688 610 disse—

501 677 642 722 ram
687 655 975 733 sufficiat,
1018 673 1118 716 me
1148 657 1278 716 tres
1308 650 1499 732 hujus
1530 650 1622 715 rei
1652 650 1880 716 afferre
1911 656 2125 715 testeS.
2157 689 2238 696 —
2270 649 2508 713 Plinius
2537 647 2687 713 Nat.

502 759 651 825 hist.
705 764 798 836 19,
850 763 876 822 l
928 761 1025 838 (6)
1071 757 1148 817 25
1206 752 1287 817 de
1347 752 1502 817 velis
1560 753 1745 818 dicit:
1815 753 2068 818 Rubent
2109 753 2177 817 in
2222 753 2391 817 cavis
2433 751 2688 816 aedium

503 867 571 927 et
612 880 896 926 muscum
943 856 1024 922 ab
1054 854 1198 920 -sole
1243 853 1646 919 defendunt⁸‘.
1735 855 1998 921 Ovidius
2045 855 2224 933 (Met.
2270 857 2347 936 X,
2393 860 2585 935 595):

804 962 1046 1044 „Inque
1088 956 1357 1041 puellari
1403 977 1630 1041 corpus
1675 958 1949 1022 candore
1992 958 2285 1024 ruborem

804 1063 1144 1139 Traxerat,
1188 1059 1347 1124 haut
1389 1059 1576 1124 aliter
1619 1079 1811 1143 quam
1854 1081 1996 1125 cum
2040 1081 2229 1145 super
2270 1063 2439 1126 atria
2483 1062 2691 1127 velum

807 1163 1098 1230 Candida
1138 1183 1528 1247 purpureum
1572 1163 1903 1227 simulatas
1946 1162 2150 1229 inficit
2192 1163 2510 1229 umbras“.

510 1266 798 1351 Denique
840 1266 907 1332 in
939 1265 1232 1350 Ulpianis
1277 1264 1568 1346 Digestis,
1615 1285 1778 1350 quae
1808 1286 2000 1350 supra
2024 1266 2160 1348 jam
2191 1269 2691 1348 commemoravi,

506 1370 676 1434 inter
720 1369 858 1435 vela
901 1390 1065 1454 quae
1107 1370 1173 1433 in
1220 1367 1587 1452 hypaethris
1629 1368 2065 1448 extenduntur
2107 1374 2172 1432 et
2215 1388 2294 1432 ea
2336 1390 2499 1452 quae
2544 1377 2694 1434 sunt

508 1473 677 1536 circa
721 1472 1065 1551 columnas,
1107 1469 1415 1536 differtur.

679 1571 803 1639 Sed
845 1579 1300 1652 cum-'veteres,
1348 1573 1515 1637 sicut
1555 1571 1745 1637 hodie
1781 1573 1974 1637 etiam
2008 1573 2234 1653 Italici,
2276 1574 2478 1656 magis
2506 1580 2696 1639 extra

510 1676 767 1742 domum
825 1696 1014 1759 quam
1072 1677 1247 1741 intra
1301 1695 1442 1740 eam
1502 1681 1933 1757 versarentur,
2001 1674 2374 1741 umbracula
2430 1676 2571 1759 ipsa
2625 1678 2694 1742 in

513 1777 714 1842 hortis
757 1778 985 1841 summi
1030 1777 1334 1843 momenti
1391 1777 1586 1842 fuisse
1623 1777 2042 1860 judicandum
2087 1782 2201 1842 est.
2291 1777 2475 1861 Apud
2502 1779 2697 1844 Grae-

511 1866 618 1945 cos
661 1879 970 1964 ejusmodi
1027 1880 1465 1946 umbraculum
1509 1874 1763 1944 κλισίον
1807 1879 1903 1944 vel
1946 1874 2142 1967 σκηνή
2186 1888 2484 1946 vocatur:
2553 1883 2696 1948 κλι-

513 1976 658 2047 σίον
699 1983 892 2047 etiam
940 1981 1153 2066 lignea
1194 2003 1344 2047 casa
1385 1983 1596 2047 vocari
1640 1988 1891 2066 potest,
1920 1982 2030 2047 sed
2074 1982 2446 2066 plerumque
2488 2006 2563 2049 ex
2598 2007 2698 2050 ve·

513 2085 593 2151 lis
651 2085 1050 2169 potissimum
1109 2091 1386 2163 constat,
1457 2081 1654 2172 σκηνή
1699 2090 1915 2150 autem
1958 2090 2025 2150 et
2065 2085 2218 2149 velis
2261 2091 2326 2150 et
2367 2086 2699 2153 frondibus

512 2187 690 2253 facta
730 2193 855 2268 est,
901 2208 1049 2253 nam
1093 2187 1265 2273 apud
1310 2187 1710 2253 Athenaeum
1741 2187 1844 2265 (V.
1892 2208 1953 2269 p.
1986 2191 2101 2252 196
2134 2189 2239 2269 A.)
2282 2185 2510 2274 σκηναὶ
2554 2188 2700 2254 λευ-

512 2292 630 2354 κοῢ
669 2293 894 2354 κιττοῦ
934 2287 1045 2355 καὶ
1087 2283 1490 2374 ἀμπελώνων
1532 2294 2122 2355 commemorantur.
2212 2289 2333 2355 Sed
2374 2293 2698 2376 proprium

514 2401 613 2461 est
658 2399 923 2483 σκηνῆς,
969 2400 1042 2459 ut
1085 2394 1183 2459 vel
1228 2399 1366 2460 tota
1411 2392 1510 2456 vel
1557 2399 1796 2457 tectum
1838 2392 1975 2476 ejus
2021 2392 2173 2456 velis
2216 2396 2515 2476 expansis
2558 2417 2700 2460 con·

519 2502 665 2563 stet.
755 2498 982 2582 Itaque
1041 2517 1192 2582 pars
1247 2496 1534 2581 superior
1592 2516 1816 2561 currus
1873 2496 2256 2578 tegumentis
2301 2496 2518 2561 linteis
2562 2518 2699 2562 coo·

513 2600 681 2685 perti
724 2596 922 2686 σκηνὴ
967 2604 1262 2679 vocatur3
1310 2597 1688 2663 Plutarchus
1719 2596 1897 2661 Alex.
1929 2602 2012 2661 88
2057 2591 2327 2679 (ἅμαξαι
2368 2591 2704 2684 ἁλουργοῖς

511 2698 624 2767 καὶ
680 2692 1014 2780 ποικίλοις
1070 2694 1521 2786 περιβολαίοις
1564 2695 2005 2782 σκιαζόμεναι)
2064 2700 2143 2765 de
2199 2721 2269 2765 re
2313 2701 2454 2785 ipsa
2496 2702 2705 2766 confe-

515 2805 752 2871 re'ndus
792 2810 907 2870 est.
998 2804 1158 2868 Item
1206 2802 1424 2867 diaeta
1465 2802 1536 2865 in
1575 2802 1772 2888 puppi
1819 2803 1997 2867 navis
2038 2803 2129 2867 sic
2173 2810 2434 2869 vocatur
2465 2824 2505 2868 a
2535 2802 2705 2867 Cha-

514 2907 724 2973 ritone
753 2909 845 2985 2):
909 2897 1039 2988 εἶχε
1081 2903 1153 2970 δὲ
1211 2898 1435 2969 ἐπάνω
1478 2899 1714 2990 σκηνὴν
1758 2903 2344 2993 συγκεκαλυμμένην
2389 2904 2707 2989 Βαβυλω-

516 3005 682 3088 νίοις
737 3002 1292 3096 περιπετοὶσμασι.
1400 3006 1621 3091 Neque
1680 3007 2082 3074 dubitantum
2129 3015 2255 3089 est,
2331 3010 2482 3093 quin
2532 3016 2708 3091 tegu-

520 3117 804 3178 mentum
848 3112 1057 3197 ipsum
1098 3131 1250 3176 voce
1292 3108 1487 3196 σκηνὴ
1534 3110 1617 3175 sit
1660 3110 2071 3196 appellatum.
2160 3112 2325 3177 Nam
2372 3111 2542 3197 apud
2589 3111 2709 3175 De-

519 3214 915 3280 mosthenem
941 3215 992 3295 3)
1037 3219 1365 3279 accusator
1409 3211 1766 3278 hereditate
1810 3213 2224 3279 defraudatus
2264 3221 2521 3298 praeter
2549 3203 2712 3278 mul-

521 3324 623 3383 tas
665 3316 826 3382 alias
870 3337 971 3382 res
1012 3314 1323 3400 pretiosas
1366 3307 1635 3401 (φιάλην
1664 3319 1815 3399 etc.)
1859 3316 2053 3381 etiam
2098 3311 2332 3403 σκηνὴν
2359 3322 2711 3396 enumerat,

522 3419 705 3503 cujus
762 3419 930 3484 ratio
989 3439 1111 3484 non
1157 3422 1254 3482 est
1294 3416 1522 3482 habita
1563 3418 1628 3481 in
1678 3416 2053 3483 hereditatis
2096 3418 2576 3497 distributione,
2639 3425 2714 3483 ut

522 3521 634 3588 ille
678 3521 1000 3605 particeps
1054 3519 1190 3602 ejus
1235 3541 1359 3586 non
1403 3520 1489 3585 sit
1531 3519 1758 3585 factuS.
1841 3518 2135 3584 Reiskius
2179 3520 2248 3584 in
2291 3521 2713 3586 translatione

524 3643 831 3708 germana
873 3621 1168 3687 aulaeum
1213 3621 1310 3687 vel
1354 3623 1710 3706 stragulum
1740 3620 2012 3705 int-elligi
2042 3621 2197 3701 vult,
2243 3622 2412 3705 quod
2444 3626 2512 3689 in
2543 3631 2713 3689 terra

525 3726 914 3813 ponebatur,
958 3730 1032 3789 ut
1072 3725 1139 3789 in
1182 3744 1257 3790 eo
1293 3724 1543 3807 jaceres
1588 3724 1687 3789 vel
1718 3723 1996 3808 sederes3
2044 3726 2155 3790 sed
2185 3747 2388 3810 neque
2420 3725 2711 3789 aulaeum
2823 3773 2831 3780 .

871 3848 945 3855 .-

677 3898 713 3967 Ι)
750 3897 913 3951 Hunc
951 3895 1196 3949 colorum
1220 3907 1484 3948 'amorem
1523 3895 1690 3950 etiam
1729 3896 1866 3949 alias
1902 3896 2049 3964 apud
2077 3897 2352 3950 Romanos
2389 3893 2719 3947 invenimus.

528 3985 671 4039 Nam
716 4002 828 4038 non
861 3983 1028 4036 modo
1066 3985 1124 4035 in
1161 3983 1416 4048 theatris,
1453 3983 1552 4035 sed
1593 3983 1762 4036 etiam
1801 3985 1856 4035 in
1897 3985 2129 4036 navibus
2167 3985 2293 4036 vela
2329 3984 2532 4046 rubra,
2588 4000 2718 4051 pur-

528 4090 727 4142 purea,
764 4071 1126 4126 versicoloria
1161 4073 1688 4125 commemorantur.

670 4160 717 4229 2)
767 4159 838 4212 de
876 4157 1111 4211 Chairea
1148 4161 1207 4211 et
1241 4157 1551 4210 Callirrhoe
1588 4157 1732 4213 VIII.
1769 4161 1819 4224 6,
1853 4176 1908 4225 p.
1951 4159 2064 4211 185.

672 4247 720 4315 3)
759 4247 957 4299 contra
991 4243 1259 4312 Spudiam
1294 4248 1382 4311 41,
1422 4248 1503 4298 11.
