2946 4740
1483 292 1565 355 42

426 477 522 543 ita
581 477 740 560 egit,
802 490 913 541 seu
967 497 1110 541 cum
1171 476 1508 559 diligentia
1566 478 1845 561 quadam
1897 500 2002 544 res
2053 480 2311 565 depicta
2356 482 2622 549 videtum

428 579 634 644 Valde
692 580 910 661 itaque
969 584 1136 643 esset
1193 578 1424 642 mirum
1445 628 1460 656 ,
1523 579 1582 643 si
1640 578 1874 645 lectum
1918 581 1985 645 in
2029 585 2306 648 tentorio
2347 585 2627 668 positum

429 680 704 763 intelligi
745 679 1049 745 voluisset
1088 678 1342 757 artifeX,
1384 701 1532 743 cum
1577 701 1729 764 pars
1774 680 2037 747 inferior
2080 683 2227 749 lecti
2272 685 2440 750 ultr-a
2485 708 2625 770 per-

431 784 592 849 ticas
633 781 782 846 illas
820 781 1302 864 esset-prolata.
1372 808 1378 813 ·
1839 784 1850 793 “

603 883 913 967 Equidem
956 884 1051 948 ita
1088 883 1341 964 judico:
1414 881 1651 947 lectum
1705 885 1877 949 coelo
1930 889 2208 972 quodam
2250 895 2487 953 tectum
2530 891 2628 954 111-

432 985 850 1069 telligendum
907 1004 1078 1062 esse,
1149 983 1317 1066 quod
1376 1003 1493 1048 nos
1536 986 1967 1065 „Baldachin“
2033 1010 2347 1055 vocamus.
2439 992 2629 1056 Bovis
2696 1003 2699 1006 ’

431 1096 628 1173 caput
671 1088 753 1151 axi
799 1088 1044 1151 laevam
1089 1085 1240 1151 lecti
1285 1092 1399 1150 aut
1443 1087 1652 1170 ipsum
1694 1089 1961 1155 Achillis
2006 1092 2492 1157 tabernaculum
2533 1094 2628 1157 in-

430 1191 643 1256 dicare
703 1189 985 1266 videtur,
1061 1194 1176 1252 aut
1228 1208 1481 1252 murum
1536 1189 2173 1272 circumcludentem,
2243 1202 2395 1259 ante
2436 1214 2623 1277 quem

430 1292 634 1358 lectus
691 1290 796 1354 ille
855 1291 1099 1374 positus
1158 1296 1274 1353 est.
1358 1290 1580 1373 Neque
1623 1297 1805 1356 rotae
1847 1293 2013 1359 duae
2058 1295 2207 1360 huic
2249 1296 2627 1379 interpreta—

431 1395 594 1460 tioni
651 1393 922 1457 obstant.
1009 1391 1176 1455 Nam
1229 1391 1297 1455 in
1354 1392 1623 1474 pariete,
1687 1415 1876 1476 quem
1922 1397 2183 1480 attingit
2226 1396 2448 1474 lectus,
2491 1419 2656 1463 sus—-

432 1516 665 1581 pensae
710 1500 875 1558 sunt.
964 1493 1086 1558 Sed
1133 1494 1292 1558 haec
1334 1515 1451 1578 pro
1497 1501 1671 1559 certo
1716 1495 2032 1562 affirmare
2075 1498 2289 1564 nolim.
2319 1534 2401 1546 ———
2449 1499 2626 1564 Dilu·
2671 1559 2681 1566 .

430 1600 571 1664 cide
615 1603 828 1661 autem
874 1597 1218 1660 tentorium
1266 1597 1530 1662 Achillis
1555 1624 1561 1630 ·
1584 1598 1650 1660 in
1696 1599 1893 1662 calice
1938 1605 2037 1664 est
2076 1607 2625 1684 repraesentatum

435 1701 636 1784 (apud
681 1697 1158 1776 Overbeckium,
1200 1697 1341 1763 Gal.
1386 1698 1521 1762 her.
1555 1699 1624 1762 B.
1665 1705 1758 1777 16,
1804 1705 1891 1776 3).
1980 1702 2270 1779 Quatuor
2298 1703 2628 1779 columnis,

434 1822 703 1887 quarum
752 1801 879 1864 duo
919 1807 1172 1864 tantum
1216 1801 1409 1880 vides,
1473 1801 1617 1865 vela
1658 1809 1807 1866 sunt
1833 1802 2111 1881 suffulta,
2180 1823 2348 1886 quae
2385 1805 2629 1870 sinibus

430 1904 663 1986 amplis
707 1901 1065 1984 dependent
1106 1903 1172 1966 111
1216 1902 1545 1967 lateribus.
1633 1904 1774 1967 Non
1819 1924 2075 1986 prorsus
2121 1905 2240 1969 hoc
2282 1908 2625 1970 tentorium

435 2003 740 2071 dissimile
783 2023 918 2068 esse
963 2003 1213 2068 videtur
1243 2025 1410 2095 vero,
1453 2004 1578 2068 etsi
1622 2011 1695 2069 ut
1722 2005 1926 2070 multa
1964 2008 2177 2070 animo
2210 2007 2627 2090 suppleantur

435 2107 666 2173 artifex
712 2105 1012 2188 postulat,
1056 2113 1276 2190 utpote
1321 2127 1616 2170 vasorum
1658 2108 1879 2190 pictor.
1967 2109 2043 2172 In
2073 2109 2283 2174 fronte
2313 2109 2522 2173 autin
2553 2130 2626 2173 eo

434 2210 636 2275 latere
681 2209 1098 2286 tabernaculi,
1141 2208 1314 2290 quod
1357 2207 1491 2272 sole
1534 2229 1659 2272 non
1702 2209 2000 2288 inficitur,
2071 2211 2212 2276 vela
2252 2211 2391 2276 tolli
2439 2211 2629 2276 solita

436 2332 572 2378 esse
616 2312 891 2375 maxime
935 2310 1318 2376 credendum
1363 2316 1482 2377 est.

604 2415 765 2477 Cum
821 2412 942 2477 hac
1000 2412 1198 2476 calice
1250 2414 1542 2478 conferas
1599 2412 1856 2476 hamam
1916 2412 2014 2476 vel
2065 2416 2326 2480 ‘situlam
2373 2437 2621 2483 aeream

435 2537 516 2582 ex
574 2514 835 2580 Galeria
880 2515 1110 2592 Beria,
1176 2535 1370 2597 quam
1429 2515 1750 2580 Brunnius
1793 2515 1992 2580 edidit
2016 2518 2091 2600 1).
2179 2517 2358 2601 Opus
2411 2518 2620 2603 quarti

434 2618 567 2683 sere
611 2623 755 2701 post
800 2616 949 2681 Chr.
993 2624 1215 2681 natum
1259 2616 1495 2681 saeculi
1539 2622 1667 2693 est,
1732 2618 2047 2700 quomodo
2098 2618 2197 2683 vir
2252 2620 2475 2685 doctus
2517 2620 2625 2685 ille

436 2743 517 2787 ex
550 2720 831 2785 arcubus
875 2739 1072 2802 supra
1115 2717 1442 2783 columnas
1488 2720 1810 2801 cognovit,
1855 2720 2012 2784 satis
2053 2721 2392 2795 incultum:
2459 2728 2624 2786 atta-

436 2844 581 2888 men
640 2822 824 2887 nobis
877 2826 1235 2885 memoratu
1288 2821 1572 2903 dignum.
1661 2819 1952 2904 Spatium
2004 2829 2275 2905 quatuor
2316 2821 2625 2887 columnis

436 2927 506 2989 in
550 2923 833 3007 singulas
875 2929 1092 3007 partes
1136 2928 1246 2987 est·
1277 2923 1579 3003 divisum3
1655 2924 1781 2987 duo
1826 2929 2042 2989 autem
2085 2944 2304 2989 scenas
2345 2945 2482 2989 esse
2524 2947 2626 2991 re-

437 3032 880 3110 praesentatas
920 3046 1070 3089 mox
1113 3023 1447 3107 intelligia,
1503 3045 1773 3108 quarum
1816 3025 2026 3091 altera
2063 3026 2342 3091 ostendit
2385 3026 2625 3092 Brisei-

437 3128 582 3194 dem
639 3127 721 3192 ab
764 3128 1258 3211 Agamemnonis
1297 3127 1718 3211 praeconibus
1778 3148 1857 3192 ex
1900 3128 2171 3193 Achillis
2211 3128 2626 3195 tabernaculo
2677 3209 2690 3214 l

437 3231 522 3295 ad
564 3229 916 3313 principem
957 3228 1318 3310 abductam,
1363 3230 1544 3313 cujus
1571 3235 1768 3314 caput
1807 3229 1968 3295 lucis
1995 3230 2330 3314 splendore
2359 3232 2624 3296 circum·

439 3333 663 3397 datum
720 3336 834 3396 est.
945 3331 1223 3397 Achilles
1276 3339 1497 3397 autem
1542 3352 1829 3396 maerens
1882 3332 2060 3415 lyrae
2116 3354 2338 3398 sonum
2399 3334 2623 3399 elicere

436 3434 671 3498 studet.
761 3434 834 3497 In
889 3433 1094 3497 altera
1154 3440 1341 3517 parte
1380 3439 1553 3499 recte
1596 3435 1915 3499 Brunnius
1957 3434 2280 3498 Priamum
2325 3456 2623 3515 cognosse

435 3534 717 3613 videtur,
776 3534 888 3617 qui
931 3541 1004 3598 ut
1047 3534 1166 3600 filii
1206 3557 1437 3619 corpus
1484 3541 1851 3619 quaereret,
1909 3535 1975 3599 in
2025 3535 2287 3599 Achillis
2329 3537 2620 3601 taberna·

438 3636 653 3702 culum
709 3637 903 3701 venit.
1008 3637 1185 3703 Sicut
1245 3637 1417 3721 apud
1459 3638 1835 3714 Homerum,
1903 3638 1997 3701 ita
2026 3638 2244 3704 etiam
2307 3639 2425 3702 boc
2485 3640 2621 3703 loeo

432 3758 697 3823 vespere
739 3740 872 3821 regi
913 3740 1114 3806 lectus
1156 3746 1254 3804 est
1283 3746 1539 3819 stratus,
1582 3740 1698 3805 sub
1742 3760 1869 3823 quo
1900 3760 2166 3824 puerum
2205 3740 2622 3805 dormientem

437 3840 633 3906 vides.
741 3841 1019 3907 Achilles
1076 3842 1282 3925 lyram
1341 3846 1538 3906 tenet.
1644 3842 1860 3907 Etiam
1911 3843 2151 3908 Briseis
2211 3861 2357 3907 011111
2414 3842 2622 3905 amica

438 3941 639 4008 adest.
709 3942 804 4007 ‘In
848 3948 1119 4027 utraque
1174 3948 1376 4027 parte,
1421 3942 1533 4008 ubi
1575 3942 1839 4009 Achillis
1882 3945 2229 4010 tentorium
2274 3962 2410 4008 esse
2453 3944 2621 4025 cogi-

437 4042 704 4109 tandum
749 4050 863 4123 est,
918 4045 1015 4110 bis
1059 4044 1183 4109 duo
1225 4044 1365 4109 vela
1406 4043 1593 4109 valde
1636 4046 1883 4111 minuta
1933 4052 1998 4111 et
2040 4046 2279 4112 nodata
2320 4066 2624 4130 suspensa

582 4270 621 4338 ¹)
657 4269 803 4322 Mon.
838 4266 988 4320 Ined.
1031 4268 1181 4319 1860.
1218 4266 1310 4331 IV,
1347 4270 1443 4334 483
1482 4266 1552 4320 cf.
1590 4267 1793 4320 Annali
1827 4267 1935 4321 del’
1973 4269 2104 4322 Inst.
2149 4270 2300 4323 1860.
2338 4286 2391 4337 p.
2430 4270 2549 4322 494.
