2946 4740
1476 257 1558 318 30

425 431 714 518 employe
772 453 884 503 sur
943 439 1088 503 tant
1143 438 1222 503 de
1265 459 1447 504 vases
1491 441 1727 525 peinis,
1793 444 1875 508 ou
1919 444 2012 510 les
2051 445 2242 510 dieux
2287 443 2612 530 supremos

423 532 751 616 president
800 535 842 603 a
893 537 1153 607 l’action
1199 546 1264 605 et
1306 540 1399 613 les
1442 564 1868 627 personnages
1910 546 2311 630 episodiques
2354 550 2614 612 servant

420 635 464 700 a
502 635 798 721 indiquer
837 637 898 705 le
939 642 1068 708 lieu
1114 643 1192 709 de
1236 644 1301 709 la
1345 643 1550 725 scene,
1614 653 1761 711 sont
1801 649 2197 733 representes
2243 671 2324 713 en
2367 648 2611 714 demifi-

420 757 625 821 gures.
732 739 829 808 La
885 742 1170 811 ban-iere
1222 745 1523 831 indiquee
1581 769 1660 813 en
1704 755 1900 815 avant
1942 751 2019 816 de
2066 751 2266 816 Diane
2308 757 2374 816 et
2416 751 2490 816 de
2538 771 2612 816 sa

421 839 735 923 pretresse
760 842 882 926 (Ἡ)
954 852 1052 912 est
1121 856 1529 932 proprement
1602 850 1868 936 l‘espece
1943 853 2020 918 de
2093 853 2159 919 la
2221 852 2610 932 balustrade‚

420 936 649 1026 ἔρυμα,
710 943 995 1029 pluteus,
1069 949 1179 1033 qui
1223 952 1543 1018 entourait
1584 953 1644 1019 le
1689 955 2051 1020 sanctuaire
2094 955 2255 1020 dans
2295 955 2613 1040 plusieurs

420 1043 685 1130 temples
726 1053 964 1131 grecs“.
1071 1051 1239 1117 Mira
1293 1053 1452 1120 haec
1509 1058 1675 1121 muri
1732 1057 1904 1122 illius
1960 1059 2403 1144 interpretatio
2459 1058 2610 1123 inde

419 1144 624 1226 fluxit,
680 1149 852 1232 quod
897 1149 1171 1219 Dianam
1216 1156 1482 1241 ejusque
1528 1159 1916 1227 sacerdotem
1960 1162 2430 1246 cognoscendas
2473 1180 2610 1225 esse

420 1269 545 1319 non
601 1256 777 1316 recte
829 1251 1182 1334 judicabat.
1305 1260 1401 1324 Ad
1467 1281 1741 1344 parerga
1792 1262 1904 1329 illa
1960 1263 2357 1331 enucleanda
2415 1262 2609 1328 aliam

419 1352 733 1437 picturam
788 1351 1131 1424 afferamus
1187 1361 1403 1441 liceat,
1462 1384 1658 1447 quam
1703 1364 2033 1450 Helbigius
2089 1387 2139 1432 s.
2184 1387 2246 1431 11.
2298 1365 2458 1430 1332
2502 1387 2610 1430 ex·-

419 1454 617 1538 plicat
689 1454 796 1532 (cf.
861 1457 1316 1533 Overbeckium
1379 1465 1519 1530 Gal.
1579 1465 1713 1532 her.
1760 1460 1983 1534 Bi‘ldw.
2031 1469 2079 1550 Ι,
2137 1469 2267 1534 tab.
2317 1472 2415 1545 33,
2481 1469 2606 1552 16).

418 1557 670 1629 Ulixem
724 1565 790 1625 et
846 1559 1206 1649 Penelopen
1272 1566 1473 1646 vides3
1545 1567 1728 1634 illum
1782 1571 2140 1652 sedentem,
2203 1572 2372 1636 hanc
2418 1571 2610 1654 juxta

416 1664 697 1731 stantem
751 1681 1025 1745 eumque
1082 1667 1639 1752 contemplantem.
1757 1673 1922 1740 Sunt
1977 1676 2088 1759 qui
2141 1678 2401 1758 putent,
2473 1693 2608 1738 rem

415 1763 483 1828 in
514 1783 644 1847 qua
686 1762 863 1829 sedet
904 1763 1125 1831 Ulixes
1167 1769 1450 1836 nondum
1494 1773 1651 1843 satis
1690 1781 1928 1857 notam,
1974 1778 2057 1845 ad
2097 1777 2235 1842 vias
2276 1775 2606 1841 hortorum

417 1865 786 1938 allevandae
842 1865 1133 1934 adhiberi
1189 1871 1443 1938 solitam
1503 1883 1673 1955 esse,
1734 1899 1885 1944 nam
1929 1900 2056 1944 non
2101 1877 2168 1943 in
2218 1877 2433 1958 dom0‚
2494 1879 2603 1943 sed

415 1967 571 2037 foris
612 1968 989 2053 plerumque
1031 1969 1390 2056 invenitur3
1463 1977 1682 2062 itaque
1727 2002 1853 2046 non
1898 1981 2257 2048 cubiculum
2317 1986 2416 2059 (ut
2459 1981 2609 2045 Hel·-

331 2139 351 2160 α
414 2069 624 2155 bigius
666 2077 879 2158 putat)
923 2072 1033 2140 sed
1078 2093 1297 2139 aream
1339 2078 1438 2145 vel
1482 2079 1741 2148 hortum
1786 2090 2144 2169 spectamus
2186 2084 2436 2169 porticu
2466 2083 2607 2148 fini-

415 2176 554 2238 tum
570 2223 587 2254 ‚
631 2175 698 2244 in
743 2195 869 2259 quo
900 2173 1118 2242 Ulixes
1161 2178 1357 2245 sedet.
1446 2181 1645 2269 Cujus
1689 2189 1971 2272 porticus
2014 2207 2231 2253 murus
2261 2186 2605 2252 fenestram

415 2275 577 2342 satis
617 2275 818 2345 latam
861 2277 1149 2359 exhibet,
1206 2280 1275 2346 in
1321 2303 1447 2368 qua
1492 2288 1658 2354 sicut
1701 2290 1768 2355 in
1825 2310 1929 2370 ea,
1985 2309 2178 2375 quam
2237 2290 2424 2355 modo
2476 2295 2607 2355 tra-

412 2378 721 2449 ctavimus
774 2381 1055 2464 pictura,
1117 2404 1268 2467 pars
1327 2390 1616 2474 superior
1657 2391 1933 2462 hominis
1976 2394 2217 2478 figurae
2260 2399 2600 2477 spectatur.

413 2481 655 2552 Eadem
717 2488 815 2558 est
870 2503 1002 2563 res,
1077 2490 1367 2571 quamvis
1408 2512 1750 2576 personae,
1822 2516 1987 2581 quae
2030 2496 2261 2562 summi
2301 2496 2600 2563 momenti

414 2589 598 2665 sunt,
640 2584 777 2652 illic
821 2586 890 2652 in
933 2585 1149 2669 domo,
1193 2589 1299 2656 hic
1339 2591 1495 2660 foris
1535 2596 1667 2662 sint
1714 2599 2214 2683 conspiciendae.

580 2687 792 2771 Atque
850 2687 931 2754 de
989 2689 1090 2758 his
1153 2691 1481 2762 hactenus.
1608 2698 1705 2764 De
1763 2701 1920 2767 velis
1963 2702 2027 2767 in
2073 2703 2256 2768 ostiis
2297 2700 2602 2768 adhibitis

412 2808 557 2856 cum
599 2790 747 2856 novi
789 2790 945 2875 quid
987 2792 1114 2860 dici
1156 2803 1453 2881 nequeat.
1497 2798 1653 2867 locis
1696 2823 1738 2868 a
1778 2803 2059 2871 Beckero
2099 2806 2165 2870 in
2198 2803 2459 2885 ‚,Gallo“
2488 2805 2603 2870 ad·

409 2889 635 2962 bibitis
689 2891 963 2962 Pollucis
1010 2894 1217 2962 locum
1260 2903 1515 2982 tantum
1557 2904 1791 2970 addam
1808 2956 1824 2985 ‚
1887 2908 1997 2992 qui
2038 2907 2144 2974 lib.
2192 2908 2269 2989 X,
2317 2912 2395 2975 32
2442 2908 2601 2974 haec

409 2992 641 3060 habet:
684 2993 861 3079 „repo
881 2994 1001 3078 μὲν
1041 3002 1159 3064 τοῦ
1196 3005 1506 3083 κοιτῶνος
1547 3002 1667 3071 ἐπὶ
1706 3011 1853 3087 ταῖς
1890 3004 2131 3094 θύραις
2170 3030 2602 3096 παραπετασ-

409 3089 633 3177 μάτων
685 3115 795 3162 σοι
845 3096 948 3165 δεῖ
998 3092 1131 3167 εἴτε
1171 3096 1429 3182 circio&
1469 3099 1569 3196 εἴη
1611 3106 1689 3175 τὸ
1733 3112 2224 3202 παραπέτασμα
2270 3113 2490 3181 λευκὸν
2532 3112 2609 3197 ἒξ

407 3191 683 3285 ὀθόνης,
716 3191 849 3267 εἴτε
877 3199 988 3268 καὶ
1016 3198 1373 3291 τρίχαπτόν
1401 3232 1470 3276 τι
1496 3208 1783 3296 βαπτόν,
1830 3207 1963 3281 εἴτε
1990 3212 2415 3308 πολύχρουν“.
2459 3241 2597 3284 πα-

407 3297 800 3387 ραπέτασμα
840 3298 1198 3391 τρίχαπτον
1253 3309 1420 3376 idem
1466 3332 1603 3379 esse
1648 3316 1929 3400 videtur,
1983 3319 2154 3404 quo'd
2198 3323 2449 3401 „velum
2494 3322 2598 3387 Ci-

407 3402 640 3472 licum“
696 3411 961 3474 vocatur
1017 3430 1060 3476 a
1117 3410 1378 3480 Sidonio
1437 3416 1791 3503 Apollinari
1851 3421 1965 3505 Ep.
2015 3422 2125 3502 IV,
2174 3428 2287 3504 24,
2363 3426 2473 3510 qui
2516 3424 2596 3489 de

408 3505 726 3573 domicilio
768 3509 1011 3577 modice
1053 3514 1354 3581 viventis:
1417 3519 1731 3604 tripodes,
1775 3522 2010 3607 inquit,
2054 3525 2284 3607 sellae,
2329 3526 2595 3594 Cilicum

405 3607 551 3674 vela
591 3608 837 3676 foribus
878 3632 1180 3699 appensa,
1238 3615 1440 3686 lectus
1483 3621 1644 3688 nihil
1687 3623 1927 3691 habens
1972 3625 2265 3712 plumae,
2339 3651 2593 3698 mensae

407 3709 570 3777 nihil
612 3733 954 3797 purpurae.

571 3814 787 3880 Etiam
833 3818 972 3883 vela
1016 3821 1186 3886 corio
1231 3830 1524 3892 conserta
1567 3828 1857 3895 adhibita
1884 3852 2019 3898 esse
2050 3834 2229 3900 testis
2257 3840 2357 3899 est
2382 3836 2590 3921 Etym.

406 3914 618 4003 Magn.
665 3938 713 3983 s.
763 3940 819 3982 v.
867 3918 1107 4009 δέρριςε
1173 3918 1457 4008 Ἶμάτιον
1510 3927 1684 4012 παχὺ
1724 3922 1768 4019 ἢ
1808 3930 2011 4021 δέρμα
2050 3925 2093 4022 ἢ
2133 3931 2417 4018 τρίχινον
2459 3962 2593 4006 πα-

403 4017 796 4105 ραπέτασμα
852 4019 970 4090 ἐπὶ
1010 4027 1158 4103 ταῖς
1197 4014 1434 4115 θῦραις
1475 4034 1621 4111 ταῖς
1660 4026 1947 4114 αὐλείαις
1984 4032 2399 4121 βαλλόμενον.
2516 4045 2590 4109 Iu

404 4121 624 4188 multis
666 4130 883 4189 autem
926 4132 1207 4194 veterum
1254 4133 1559 4201 cubiculis
1603 4136 1740 4203 loco
1783 4141 1997 4223 quarti
2027 4143 2310 4225 parietis,
2355 4146 2408 4210 si
2440 4148 2591 4212 atri·

404 4245 512 4289 um
557 4246 774 4291 versus
831 4228 930 4293 vel
974 4232 1374 4316 peristylium
1416 4238 1896 4321 aperiebantur,
1955 4246 2200 4326 magnis
2242 4245 2399 4312 velis
2442 4260 2591 4314 usos
