2946 4740
1488 234 1570 294 22

431 429 568 485 esse
611 424 799 503 puto,
844 422 918 483 ut
958 417 1183 485 aulaeo
1227 439 1352 483 non
1398 417 1655 481 domum
1702 417 1970 482 indicari
2013 417 2124 482 sed
2162 415 2460 481 conclave
2488 437 2621 481 oer-

430 528 568 588 tum
610 520 868 605 depingi
911 540 1272 604 cognoscas.
1358 521 1525 586 Nam
1568 521 1635 586 in
1679 526 1863 605 parte
1905 519 2204 584 inferiore
2248 517 2493 602 Alopen
2531 517 2622 587 vi-

429 625 652 690 demus
715 644 859 689 cum
918 622 1167 687 nutrice
1231 627 1298 687 et
1358 623 1581 689 amicis
1644 623 1714 688 in
1771 642 2084 706 gynaeceo
2137 621 2623 704 colloquentem,

431 748 576 796 cum
636 726 719 791 ad
773 725 1069 790 dextram
1129 724 1210 790 ab
1268 724 1378 789 illo
1433 729 1767 810 segregata
1808 724 1960 790 aula
2001 723 2226 789 domus
2268 722 2476 807 posita
2520 722 2623 803 sit,

427 830 497 894 in
542 848 670 912 qua
712 832 895 912 pater
938 832 1199 911 propter
1241 825 1413 893 filiae
1454 832 1713 913 partum
1758 827 1963 893 iratus
1999 826 2189 910 juxta
2231 846 2410 893 aram
2447 825 2486 892 J
2489 825 2623 891 ovis

429 930 684 996 Tutoris
742 929 937 994 sedet.
997 965 1077 976 -
1155 929 1338 1007 Quod
1395 929 1628 995 deinde
1683 928 1768 994 ad
1825 928 2172 1012 anaglypta
2213 927 2327 993 illa
2367 927 2621 1006 attinet,

400 1051 598 1117 *quae
653 1031 915 1097 Medeae
973 1029 1259 1097 fabulam
1304 1032 1652 1098 ostendunt
1708 1030 1814 1113 (cf.
1867 1030 2144 1114 Diltheyi
2185 1031 2265 1095 de
2308 1029 2387 1095 iis
2430 1050 2623 1114 quae-

430 1134 700 1201 stionem
745 1133 810 1198 in
859 1133 1095 1209 Annali
1141 1133 1284 1200 dell’
1330 1135 1489 1199 Inst.
1544 1137 1724 1199 1869.
1770 1153 1830 1217 p.
1878 1135 1947 1219 5)
2009 1132 2362 1201 thalamum
2419 1133 2487 1199 in
2544 1132 2623 1198 iis

430 1235 672 1304 aulaeis
726 1234 1102 1301 distinctum
1158 1239 1707 1320 repraesentatum
1766 1256 1902 1302 esse
1955 1257 2085 1301 non
2129 1239 2341 1320 potest
2381 1236 2621 1320 negari,

432 1338 615 1422 cujus
672 1337 869 1407 etiam
926 1343 1115 1422 porta
1174 1337 1549 1422 plerumque
1604 1338 1815 1404 floreis
1873 1339 2061 1404 sertis
2104 1343 2333 1403 ornata
2376 1343 2473 1404 est
2516 1338 2625 1423 (de

431 1463 558 1528 quo
601 1463 720 1507 usu
767 1440 1124 1523 Diltheyius
1181 1461 1242 1525 p.
1296 1446 1420 1522 15).
1539 1442 1614 1506 In
1679 1440 1969 1526 exemplo
2033 1461 2075 1506 a
2136 1438 2624 1506 Winkelmanno

431 1544 756 1629 publicato
787 1549 838 1620 ¹)
899 1563 1118 1608 servus
1173 1543 1531 1609 thalamum
1590 1545 1777 1611 modo
1822 1564 2059 1610 ornans
2100 1548 2316 1608 monet
2356 1563 2471 1608 nos
2509 1541 2622 1609 Ju-

430 1647 674 1713 venalis
719 1645 1053 1712 verborum
1107 1666 1302 1730 supra
1342 1644 1777 1726 laudatorum,
1834 1651 1901 1712 et
1944 1645 2285 1712 Claudiani
2328 1665 2622 1712 versuum

431 1749 687 1816 illorum
710 1750 807 1829 2):
940 1766 943 1769 ·

692 1851 888 1932 „Pars
927 1849 1094 1916 altos
1135 1856 1437 1916 revocant
1480 1871 1734 1930 currus,
1775 1850 2097 1935 frenisque
2135 1849 2360 1915 solutis

683 1954 961 2019 Vertunt
1002 1953 1299 2018 emeritos
1340 1954 1424 2019 ad
1468 1972 1707 2037 pascua
1748 1957 1903 2020 nota
1939 1952 2223 2037 jugules3

687 2056 848 2122 Pars
890 2055 1121 2120 aulaea
1165 2061 1413 2133 tenent,
1458 2055 1570 2120 alii
1613 2060 1985 2141 praetexere
2030 2056 2224 2121 ramis

682 2157 941 2223 Limina
982 2163 1048 2222 et
1089 2157 1155 2221 in
1199 2157 1501 2223 thalamis
1543 2157 1748 2224 cultas
1793 2158 2094 2225 extollere
2139 2162 2406 2222 vestes“.

434 2258 557 2326 Vix
620 2260 817 2326 etiam
881 2259 1231 2326 refellenda
1295 2266 1394 2324 est
1457 2258 1929 2327 winkelmanni
1996 2260 2337 2344 explicatio
2381 2257 2626 2339 ‚aulaei

431 2385 692 2449 prorsus
735 2362 927 2442 falsa,
992 2363 1104 2446 qui
1151 2363 1281 2444 „les
1325 2362 1538 2443 Grecs,
1604 2362 1830 2448 inquit,
1893 2362 2213 2447 placaient
2252 2363 2294 2429 a
2336 2362 2403 2429 la
2443 2365 2625 2448 porte

433 2467 511 2532 de
555 2472 657 2531 cet
698 2470 1147 2551 appartement
1204 2465 1311 2547 (de
1364 2465 1431 2531 la
1471 2466 1762 2531 nouvelle
1806 2464 2071 2550 mariee)
2124 2486 2213 2529 un
2260 2466 2450 2546 voile,
2512 2462 2623 2547 qui

430 2568 694 2653 pouvait
736 2588 804 2633 se
848 2567 1086 2652 replier
1125 2568 1167 2632 a
1210 2568 1275 2633 la
1317 2567 1610 2633 maniere
1668 2568 1747 2633 de
1789 2589 1904 2633 nos
1947 2589 2279 2652 paravens.
2369 2568 2424 2635 11
2461 2566 2624 2651 s’ap-

430 2670 656 2756 pellait
712 2674 1247 2754 parapetasma“.·
1329 2670 1455 2736 Sed
1515 2671 1710 2736 etiam
1775 2671 1845 2737 Ο.
1883 2670 2103 2737 Jahnii
2143 2672 2523 2737 sententiam
2547 2673 2624 2751 3),

432 2777 912 2858 parapetasma,
959 2773 1128 2854 quod
1178 2793 1218 2837 a
1259 2794 1455 2858 puero
1499 2775 1688 2840 modo
1732 2774 2066 2857 religetur,
2111 2774 2177 2839 in
2222 2774 2322 2839 his
2366 2772 2625 2857 anagly-

433 2875 562 2960 ptis
590 2874 853 2958 majoris
882 2893 1018 2938 esse
1048 2877 1380 2954 momenti,
1412 2897 1604 2961 quam
1637 2875 1824 2956 alias,
1852 2877 1961 2942 ubi
1990 2878 2303 2948 actionem
2333 2877 2401 2942 in
2430 2876 2625 2943 domu

432 2977 735 3043 interiore
791 2975 931 3040 fieri
987 2977 1255 3058 indicet,
1318 2986 1384 3044 et
1438 2986 1678 3045 rectam
1738 2986 1804 3045 et
1860 2979 2091 3045 falsam
2150 2999 2285 3045 esse
2337 2985 2623 3065 apparet.

434 3080 608 3145 Bene
651 3077 818 3143 enim
863 3078 1158 3145 aulaeum
1200 3081 1463 3165 majoris
1505 3104 1697 3166 quam
1742 3083 1904 3149 alias
1946 3083 2253 3149 momenti
2281 3089 2395 3162 est,
2443 3083 2551 3148 sed
2585 3104 2626 3148 a

433 3180 696 3264 reliquis
739 3180 1099 3265 anaglyptis
1142 3204 1306 3266 quae
1351 3184 1613 3249 Medeae
1655 3184 1939 3251 fabulam
1980 3191 2492 3269 repraesentant,
2549 3208 2624 3253 eo

434 3288 686 3349 tantum
732 3281 979 3364 differt,
1025 3284 1194 3367 quod
1238 3285 1342 3351 hic
1385 3287 1657 3352 thalami
1688 3288 2164 3354 exornationem
2196 3289 2421 3373 ipsam,
2464 3289 2625 3355 alias

434 3385 788 3451 thalamum
826 3384 962 3468 jam
1005 3393 1302 3453 ornatum
1345 3390 1659 3473 videmus;
1731 3391 1949 3475 itaque
1992 3412 2118 3456 non
2162 3392 2467 3457 usitatum
2512 3393 2624 3458 sed

431 3487 729 3556 festivum
771 3507 906 3552 esse
949 3489 1244 3555 aulaeum
1286 3493 1735 3577 cognoscimus.
1781 3531 1860 3541 —

602 3590 941 3673 Reliquum
986 3599 1113 3672 est,
1155 3602 1228 3671 ut
1270 3593 1349 3670 de
1391 3600 1530 3659 tota
1571 3595 1632 3658 vi
1676 3615 1893 3660 eorum
1937 3601 2491 3662 monumentorum
2519 3596 2625 3663 hic

434 3693 822 3777 disputetur,
884 3714 1048 3776 quae
1090 3702 1502 3762 monumenta
1545 3697 1862 3782 nuptialia
1907 3697 2221 3783 appellari
2263 3698 2483 3777 liceat,
2557 3709 2624 3765 et

434 3815 600 3878 quae
657 3794 788 3860 fere
849 3797 1063 3860 omnia
1106 3798 1479 3881 sarcophagi
1523 3806 1691 3865 sunt.
1784 3805 2010 3885 -Atque
2054 3801 2158 3865 hic
2200 3801 2623 3867 Rossbachius

434 3896 744 3981 imprimis
799 3897 1247 3965 memorandus
1303 3906 1429 3980 est,
1490 3902 1599 3985 qui
1656 3902 1720 3967 in
1767 3904 1930 3970 libro
1994 3904 2212 3986 „Rom
2258 3902 2623 3971 Hochzeits-

579 4070 620 4138 ι)
656 4069 732 4123 M.
767 4069 818 4123 J.
854 4070 924 4123 90
958 4071 1016 4121 et
1049 4070 1136 4121 91.

571 4157 616 4224 2)
652 4157 710 4209 in
747 4156 931 4225 Raptu
967 4155 1336 4226 Proserpinae
1372 4159 1440 4225 11,
1478 4162 1600 4214 320.

571 4244 617 4312 3)
657 4243 726 4298 cf.
760 4242 928 4299 Arch.
963 4243 1086 4313 Ztg.
1129 4247 1282 4313 1866,
1319 4248 1440 4301 249.
