2946 4740
1405 239 1486 298 23

342 446 407 490 u.
441 421 985 491 Ehedenkmiiler“
1034 423 1229 488 etiam
1270 424 1350 488 de
1395 420 1902 506 parapetasmasi
1945 420 2010 483 in
2042 419 2142 483 his
2170 440 2536 484 monumen·

346 527 434 590 tis
489 525 847 609 saepissime
907 525 1208 591 adhibitis
1251 523 1624 610 disputavit.
1726 521 2123 587 Sententiam
2168 542 2345 586 suam
2391 543 2536 605 pro-

349 629 476 692 fert
526 627 590 691 in
647 627 1176 712 interpretatione
1237 625 1612 712 sarcophagi
1675 626 1752 691 de
1797 623 1860 688 S.
1906 624 2189 689 Lorenzo
2240 622 2408 689 fuori
2450 622 2537 687 le·-

352 751 551 808 muro,
611 751 799 814 quem
857 731 1121 814 optime,
1188 732 1242 796 si
1301 731 1421 795 hoc
1464 728 1590 794 dici
1634 731 1870 811 potest,
1935 746 2300 809 expressum
2342 724 2539 790 habes

345 832 517 916 apud
562 832 900 897 Lumisden
931 836 1006 914 1).
1097 832 1195 896 Ad
1239 832 1534 898 dextram
1587 850 1850 894 manum
1892 826 1932 893 J
1936 829 2164 892 unonis
2209 827 2539 893 Pronubae

344 934 646 1018 auspiciis
690 934 1096 999 dexterarum
1133 935 1382 1017 junctio
1426 932 1528 1011 fit,
1589 952 1732 996 cum
1760 931 1984 997 Peitho
2027 930 2279 1015 duoque
2321 925 2539 1016 παρά-

343 1057 590 1122 νυμφοι
626 1036 754 1120 (ita
798 1037 901 1119 R.)
947 1042 1142 1102 testes
1186 1036 1463 1102 adstent.
1556 1035 1729 1099 Haec
1774 1053 1961 1097 scena
2005 1052 2287 1116 expanso
2316 1032 2539 1099 aulaeo

345 1144 502 1203 nota
543 1138 790 1203 ratione
829 1137 1247 1203 concluditur.
1349 1138 1467 1203 Cui
1514 1143 1791 1217 (scenae)
1835 1140 2086 1219 tergum
2130 1133 2402 1200 obvertit
2442 1134 2541 1200 vir

345 1239 677 1317 barbatus,
721 1259 909 1324 quem
954 1239 1380 1307 Rossbachius
1424 1259 1727 1323 sponsum
1772 1256 1907 1302 esse
1953 1237 2141 1315 dicit,
2202 1258 2345 1302 cum
2391 1237 2541 1302 deo-

346 1365 491 1409 rum
534 1362 759 1425 agmen
802 1342 1102 1426 recipiat,
1167 1345 1277 1426 qui
1320 1363 1361 1407 a
1402 1341 1662 1406 sinistra
1704 1360 1900 1405 manu
1944 1341 2027 1405 ad
2070 1340 2348 1405 medium
2392 1360 2542 1423 pro-

346 1446 742 1531 grediuntur.
864 1443 1114 1528 Agmini
1183 1444 1512 1529 praecedit
1579 1464 1747 1527 popa
1803 1443 2067 1508 arietem
2140 1441 2401 1507 trahens
2457 1443 2539 1508 ad

348 1568 557 1627 aram,
603 1547 715 1631 qui
758 1566 901 1611 cum
946 1546 1192 1613 duobus
1237 1545 1511 1612 camillis
1543 1545 1728 1610 valde
1758 1546 2070 1610 truncatis
2100 1544 2380 1610 medium
2409 1565 2532 1610 sar«

346 1651 706 1734 cophagum
769 1650 1010 1733 explet,
1083 1670 1227 1715 cum
1271 1669 1466 1734 supra
1510 1668 1618 1713 eos
1662 1653 1941 1731 quatuor
1985 1647 2317 1713 columnae
2360 1647 2541 1713 fabu-

346 1753 476 1818 lam
531 1751 967 1837 inscriptionis
1023 1751 1301 1817 ferentes
1356 1751 1451 1816 ita
1493 1750 1885 1819 ‚distributae
1930 1749 2094 1828 sint,
2160 1754 2234 1816 ut
2275 1749 2372 1814 bis
2414 1750 2539 1816 duo

347 1860 906 1941 congregarentur.
1007 1854 1046 1920 J
1050 1875 1153 1919 am
1209 1874 1359 1919 vero
1417 1854 1496 1919 de
1558 1856 2072 1937 parapetasmate
2115 1851 2228 1917 illo
2270 1851 2541 1918 Rossba-

345 1958 528 2022 chius
586 1957 946 2042 opinionem
1002 1957 1325 2042 vulgarem
1385 1961 1681 2039 repetens
1726 1953 2123 2033 (interiorem
2166 1953 2422 2019 domum
2466 1976 2540 2022 eo

345 2042 648 2139 indicari,
693 2064 945 2129 tantum
991 2060 1161 2143 quod
1205 2058 1501 2125 festivam
1545 2077 1682 2122 esse
1726 2076 1979 2122 scenam
2024 2056 2339 2139 concedit)
2396 2077 2540 2122 cum

348 2162 426 2227 de
471 2161 754 2227 thalamo
798 2162 1055 2227 omnino
1099 2183 1228 2228 non
1273 2159 1681 2245 cogitandum
1722 2179 1860 2223 esse
1903 2159 2164 2238 dixerit,
2209 2160 2317 2242 qui
2347 2159 2543 2244 impe-

349 2265 488 2330 diat
529 2265 868 2347 quominus
912 2265 1205 2348 publicae
1249 2264 1378 2329 sint
1420 2263 1684 2347 nuptiae
1727 2267 1919 2344 atque
1962 2262 2027 2326 in
2071 2262 2354 2327 omnium
2397 2284 2542 2346 pro-

348 2369 730 2453 pinquorum
757 2372 1126 2453 conspectu,
1171 2373 1262 2446 et,
1310 2365 1483 2450 quod
1510 2365 1921 2431 dexterarum
1946 2364 2194 2449 junctio
2224 2365 2540 2433 artissime

349 2493 493 2537 cum
547 2470 857 2536 sacrificio
917 2469 1001 2534 sit
1055 2470 1426 2551 conjuncta,
1490 2467 1869 2534 sacrificium
1924 2467 1992 2531 in
2046 2467 2329 2533 thalamo
2399 2467 2539 2533 fieri

349 2593 532 2656 posse
589 2572 946 2655 negaverit,
1003 2571 1083 2636 ad
1130 2571 1511 2637 firmandam
1554 2592 1735 2636 suam
1780 2570 2161 2636 sententiam
2206 2570 2363 2636 haec
2408 2571 2539 2636 fere

349 2676 564 2741 addit:
611 2677 684 2740 In
729 2674 1122 2758 sarcophago
1165 2674 1233 2737 in
1268 2675 1401 2738 sala
1441 2673 1606 2738 delle
1635 2673 1815 2737 Muse
1834 2675 1889 2755 2)
1920 2677 2370 2757 parapetasma
2399 2679 2539 2739 tota

347 2779 694 2862 anaglypta
737 2778 1050 2856 continet,
1098 2777 1314 2861 itaque
1359 2776 1551 2840 etiam
1595 2780 1740 2860 post
1780 2795 2007 2859 agmen
2048 2774 2392 2840 sacrificale
2421 2779 2539 2856 est,

348 2879 517 2963 quod
560 2881 746 2945 modo
789 2900 902 2963 per
946 2878 1170 2943 domus
1213 2878 1382 2944 fores
1427 2877 1684 2942 incedit.
1784 2877 2144 2944 Cerimonia
2186 2898 2261 2941 ac
2304 2898 2539 2962 pompa

349 2985 520 3047 certe
562 2981 629 3044 in
672 2982 947 3046 maximo
990 2980 1215 3046 domus
1259 2982 1464 3065 spatio
1510 2980 1775 3059 fiebant,
1820 2980 1991 3062 aqud
2021 2978 2295 3044 Graecos
2335 2980 2401 3045 in
2430 3000 2537 3064 pe·-

348 3082 624 3166 ristylio,
669 3083 736 3146 in
780 3084 944 3148 atrio
989 3085 1158 3168 apud
1204 3084 1522 3149 Romanos
1564 3088 1836 3160 vetereS,
1879 3082 1990 3147 ubi
2031 3081 2367 3165 imagines,
2410 3082 2536 3147 lec-

345 3190 453 3251 tus
496 3184 795 3269 genialis,
840 3206 953 3251 ara
995 3186 1273 3250 stabant.
1362 3185 1485 3250 Sed
1531 3205 1673 3248 cum
1716 3184 1910 3248 etiam
1938 3184 2296 3268 portativae
2317 3190 2536 3249 ‘essent

343 3309 515 3367 arae,
576 3288 790 3372 amplo
835 3288 1048 3371 aliquo
1092 3294 1285 3371 atque
1342 3289 1621 3372 spatioso
1670 3306 1819 3351 ceco
1862 3285 2073 3351 floreis
2115 3288 2301 3352 sertis
2345 3293 2538 3371 atque

342 3391 585 3456 aulaeis
652 3396 879 3456 ornato
945 3390 1248 3456 Romanis
1310 3391 1402 3454 uti
1469 3389 1762 3454 licebat“.
1873 3389 2177 3454 Extrema
2230 3390 2388 3454 haec
2432 3391 2534 3456 vix

343 3493 735 3577 argumentis
777 3491 1019 3557 firmari
1063 3493 1336 3577 possint,
1381 3513 1500 3557 nec
1544 3490 1882 3556 verisimile
1912 3497 2009 3556 est
2039 3491 2376 3571 Romanos,
2423 3495 2533 3578 qui

343 3601 410 3659 et
453 3595 705 3679 publice
757 3601 822 3659 et
864 3594 1161 3677 privatim
1207 3615 1414 3660 mores
1455 3595 1743 3678 ritusque
1787 3598 2066 3659 veterum
2115 3615 2362 3660 summa
2405 3616 2535 3660 ser·

343 3700 582 3763 vabant
648 3696 1014 3776 severitate,
1083 3698 1203 3762 etsi
1276 3699 1514 3763 atrium
1585 3698 1964 3761 Graecorum
2040 3696 2367 3781 peristylio
2419 3719 2529 3782 ap-

342 3797 851 3882 propinquabat,
908 3803 1162 3882 patrum
1194 3800 1488 3866 moribus
1530 3799 1770 3865 relictis
1814 3798 1942 3864 alio
1986 3798 2124 3863 loco
2169 3820 2361 3882 quam
2407 3802 2534 3865 usi-

346 3906 481 3966 tato
539 3899 912 3984 nuptiarum
972 3901 1439 3967 solemnitatem
1509 3901 1893 3978 celebrasse,
1962 3922 2106 3965 cum
2150 3922 2266 3966 ara
2309 3903 2535 3968 domus

490 4145 528 4213 ¹)
565 4143 834 4198 Remarks
873 4160 944 4196 on
980 4144 1077 4196 the
1113 4142 1304 4210 Antiq.
1342 4141 1404 4195 of
1444 4142 1601 4195 Rom.
1674 4140 1933 4211 Append.
1970 4140 2064 4209 111,
2099 4157 2153 4209 p.
2189 4143 2312 4195 430.

480 4229 528 4297 2)
567 4231 718 4301 apud
752 4231 1103 4286 Pistolesium
1139 4231 1220 4299 „11
1255 4230 1559 4286 Vaticano“
1596 4229 1658 4297 V,
1694 4232 1780 4285 97.

2637 85 2797 263 Χ
