2946 4740
1327 204 1409 265 33

263 384 354 451 ad
401 385 720 459 ornandos
761 386 1070 468 parietes,
1115 406 1234 451 nec
1264 385 1619 471 stragulum
1652 386 1770 450 hac
1799 406 1950 451 voce
1984 385 2299 471 appellari
2330 391 2470 470 pot·

262 491 392 567 est,
436 507 599 571 quae
643 487 992 568 tegumenti
1035 506 1284 572 semper
1312 489 1586 572 speciem
1617 487 1897 572 praebet.
1989 484 2215 572 Itaque
2246 487 2477 554 Sohae-

264 588 447 654 ferus
465 593 517 670 1)
562 588 911 653 umbellam
954 609 1092 654 esse
1138 587 1373 676 σκηνὴν
1414 595 1622 674 putat.
1711 590 2240 673 Harpocrationis
2269 589 2478 654 verbis

265 692 397 756 niti
438 691 724 767 videtur,
770 691 880 773 qui
925 712 973 755 s.
1004 714 1061 755 v,
1095 688 1291 778 σκηνὴ
1335 691 1497 756 haec
1537 691 1763 757 habet:
1812 687 1878 755 οὶ
1905 689 2025 773 μὲν
2053 686 2299 774 κόσμον
2329 687 2479 756 τινὰ

265 794 633 878 γυναικεῖον
675 783 843 856 εἶναί
884 814 1076 878 φασι,
1123 787 1188 857 οἱ
1233 790 1306 858 δὲ
1335 787 1653 859 σκιάδιον.
1741 794 2055 878 Equidem
2087 790 2321 880 σκηνὴν
2350 814 2478 858 non

265 894 623 961 umbellam
666 895 777 958 sed
821 895 1265 961 umbraculum
1310 916 1448 960 esse
1471 891 1720 978 judicO,
1768 896 1887 961 hoc
1930 901 2055 971 est,
2100 895 2309 960 velum
2340 915 2484 978 pre-

267 996 539 1074 tiosum,
585 1016 710 1080 quo
754 1002 1120 1080 tegumento
1164 1004 1439 1069 utuntur
1483 999 1551 1061 in
1594 997 1816 1063 hortis.
1904 997 2031 1062 Res
2074 1017 2204 1061 non
2234 997 2481 1061 minimi

265 1097 581 1163 momenti
622 1097 817 1163 fuisse
863 1104 1145 1182 oportet3
1210 1119 1359 1163 nam
1402 1097 1743 1164 ridiculum
1793 1105 1985 1178 esset,
2047 1100 2102 1169 si
2146 1103 2483 1165 accusator

269 1201 445 1264 inter
487 1199 772 1265 criminis
816 1221 1044 1266 causas
1087 1201 1234 1266 has:
1300 1201 1655 1267 mercedem
1701 1200 2147 1280 habitationis,
2203 1201 2479 1268 duarum

268 1309 595 1368 minarum
653 1304 962 1386 pretium,
1022 1309 1314 1387 pateram
1359 1305 1741 1386 pretiosam,
1798 1324 1964 1387 quae
2007 1324 2153 1372 oum
2195 1303 2341 1367 aliis
2386 1321 2485 1365 re-
2568 1330 2573 1335 ·

268 1407 395 1471 bus
448 1405 662 1470 aureis
719 1404 970 1487 pignori
1029 1390 1129 1468 est
1168 1405 1359 1484 data,
1421 1404 1768 1470 umbellam
1813 1404 2127 1489 proferat,
2188 1424 2321 1468 rem
2363 1405 2500 1488 mif

266 1507 430 1571 nimi
489 1508 701 1590 pretii.
806 1507 938 1570 Cur
998 1528 1124 1571 non
1183 1527 1434 1570 soccum
1479 1508 1801 1589 quendam
1844 1507 2037 1572 etiam
2080 1505 2485 1590 quaerebat?

277 1615 485 1693 Atque
531 1608 614 1675 ad
657 1608 851 1672 verba
893 1608 1034 1691 ipsa
1076 1608 1365 1675 animum
1411 1615 1652 1703 vertas3
1702 1609 1937 1673 dicitur
1979 1609 2183 1677 enim:
2249 1603 2484 1694 σκηνὴν

273 1703 333 1775 δ’
381 1700 458 1798 ἣν
500 1704 781 1790 ἓῇςουσιν,
829 1703 980 1774 οὐδὲ
1022 1708 1096 1793 γε’
1135 1705 1375 1797 ταύτην
1413 1704 1727 1793 λαβόντες
1754 1705 2151 1797 ἀναφέρουσι
2170 1735 2192 1773 .·
2235 1730 2313 1774 ne
2346 1729 2484 1777 um-

271 1812 511 1877 bellam
535 1813 613 1896 (P)
676 1811 934 1895 quidem
999 1832 1194 1895 quam
1239 1812 1567 1896 possident
1608 1813 1998 1896 proferunt·
2076 1812 2302 1896 Itaque
2345 1831 2481 1874 rem

272 1915 502 1978 ceteris
545 1919 981 1998 praestantem
1025 1914 1509 1981 commemorari
1555 1919 2015 1997 exspectamus.
2106 1914 2317 1984 Etiam
2367 1934 2481 1976 nu-

274 2037 488 2080 merus
544 2016 841 2099 pluralis,
909 2005 985 2103 ἢν
1031 2009 1278 2097 ἔχουσι,
1345 2036 1539 2098 quam
1598 2019 2073 2097 (communiter)
2133 2014 2479 2099 possident,

275 2118 500 2183 domus
544 2120 1038 2182 instrumentem
1082 2116 1188 2181 hic
1230 2116 1718 2199 intelligendum
1764 2137 1901 2185 esse
1932 2117 2135 2187 docet.
2167 2158 2251 2171 --
2297 2117 2483 2201 Apud

277 2219 714 2302 Thucydidem
759 2218 845 2297 ΙΙ,
892 2223 992 2298 34,
1039 2223 1076 2281 2
1138 2218 1204 2281 in
1260 2217 1399 2283 foro
1445 2217 1816 2283 Atheniensi
1862 2214 2058 2305 σκηνὴ
2112 2219 2483 2295 exstruitur,

275 2322 338 2387 in
400 2341 529 2408 qua
588 2319 1032 2387 defunctorum
1079 2341 1222 2386 ossa
1269 2340 1388 2405 per
1433 2324 1565 2384 tres
1609 2319 1743 2385 dies
1786 2328 2214 2406 exponuntur.
2307 2320 2481 2386 Clas·

273 2427 488 2489 senius
533 2418 768 2510 σκηνὴν
811 2423 1100 2500 „Geriist,
1143 2422 1460 2490 Tribiine“
1503 2422 1964 2508 interpretatus
2012 2444 2137 2490 non
2189 2430 2361 2488 recte
2394 2426 2481 2486 fe·

275 2529 437 2590 cisse
480 2525 751 2588 videtur.
841 2524 1007 2589 Nam
1052 2545 1166 2589 cur
1210 2523 1572 2589 tabulatum
1604 2524 1705 2587 vel
1736 2524 2052 2612 pulpitum
2086 2531 2478 2594 exstructum

274 2648 410 2691 esse
457 2625 818 2706 credamus,
868 2628 933 2690 in
978 2648 1103 2710 quo
1150 2645 1293 2691 ossa
1323 2625 1843 2712 deponerentur?
1906 2627 2078 2691 Haec
2108 2647 2209 2690 res
2239 2626 2480 2691 nullius

278 2729 579 2796 momenti
622 2735 751 2804 est3
818 2727 928 2791 sed
972 2726 1300 2809 tugurium
1344 2727 1444 2790 vel
1491 2726 1936 2796 umbraculum
1977 2727 2337 2811 intelligaS,
2412 2730 2479 2793 in

280 2830 444 2911 quod
502 2830 842 2913 propinqui
900 2849 1167 2893 munera
1225 2835 1290 2893 et
1347 2828 1479 2893 alia
1538 2829 1780 2909 ferunt,
1844 2829 2001 2894 velis
2056 2830 2351 2914 expansis
2395 2852 2476 2894 ne

282 2936 672 2996 mortuorum
733 2952 876 2995 ossa
930 2951 1044 3014 per
1086 2936 1219 2993 tres
1262 2931 1396 2994 dies
1440 2932 1556 2996 sub
1604 2931 1749 2995 divo
1789 2931 2076 3013 jaceant,
2141 2953 2296 2995 neve
2341 2932 2472 3000 sole

274 3039 639 3098 torreantur
685 3032 788 3111 (cf.
817 3032 1068 3115 Lysiam
1109 3036 1201 3108 12,
1252 3037 1328 3096 18
1372 3031 1482 3097 ubi
1527 3053 1771 3116 corpus,
1818 3032 1986 3116 quod
2031 3034 2100 3102 in
2146 3033 2339 3100 domu
2371 3055 2477 3102 ex-

273 3136 424 3219 poni
468 3142 752 3213 vetatur,
798 3130 865 3197 ἒν
909 3128 1143 3219 κλισίῳ
1187 3135 1573 3217 exponitur).
1667 3134 1951 3218 Denique
1995 3131 2193 3221 σκηνὴ
2239 3136 2472 3201 theatri

278 3237 425 3301 inde
456 3258 684 3301 nomen
716 3236 960 3301 invenit
997 3235 1167 3324 quod
1197 3237 1419 3320 primis
1449 3235 1843 3321 temporibus
1876 3236 2209 3303 frondibus
2232 3243 2297 3303 et
2318 3239 2475 3303 velis

271 3339 446 3404 facta
475 3347 632 3404 erat.
1899 3337 1906 3340 ’

443 3517 714 3581 Romani
744 3518 1000 3582 vocibus
1031 3518 1257 3582 umbra
1287 3525 1352 3582 et-
1383 3516 1823 3582 umbraculum
1846 3517 2159 3600 imprimis
2182 3525 2469 3593 utuntur,

275 3617 504 3702 quibus
529 3619 768 3699 tugurii
786 3619 965 3683 lintei
986 3641 1110 3683 non
1141 3621 1234 3683 ita
1251 3619 1684 3695 admonemur,
1714 3622 1788 3681 ut
1801 3639 1950 3682 voce
1969 3615 2182 3705 σκηνή.
2230 3619 2469 3683 Umbra

274 3721 646 3805 plerumque
664 3717 869 3781 locum
893 3721 1225 3785 arboribus
1240 3722 1338 3785 vel
1356 3721 1593 3785 hedera
1606 3719 1705 3784 vel
1717 3718 1861 3782 aliis
1877 3720 2209 3783 frondibus
2228 3725 2466 3784 tectum

275 3822 843 3902 obumbratumque
875 3821 1205 3909 significat.
1277 3824 1658 3906 Saepissime
1689 3827 1903 3884 autem
1934 3820 2107 3884 locus
2137 3821 2469 3884 frondibus

275 3929 602 4007 coopertus
666 3922 824 3987 velis
889 3923 1080 3987 etiam
1127 3918 1467 4002 clauditur,
1533 3944 1659 4006 quo
1724 3920 2042 3985 difficillus
2101 3921 2194 3986 sol
2252 3924 2466 3986 intret.

412 4166 452 4233 ¹)
490 4165 774 4217 Demosth.
810 4182 864 4217 u.
902 4182 945 4216 s.
981 4165 1108 4217 Zeit
1143 4163 1236 4216 III.
