2946 4740
1498 291 1614 357 14.

429 471 699 536 futanda
747 479 860 537 est.
909 511 992 519 —-
1051 472 1170 537 Hic
1226 471 1383 537 mihi
1427 473 1491 536 in
1538 477 1813 536 mentem
1861 473 2036 536 venit
2083 470 2257 536 locus
2298 471 2632 537 «Iuvenalis
2704 517 2709 520 -

429 574 539 656 qui
588 574 749 651 (Sat.
797 574 904 651 Vl,
953 578 1106 653 226)
1152 574 1231 638 de
1276 593 1441 637 nova
1487 580 1686 656 nupta
1732 572 1952 656 aliqua
1999 573 2157 636 haec
2201 572 2393 637 dicit:

685 674 1008 752 „Ornatas
1053 675 1243 760 paulo
1289 680 1440 740 ante
1485 674 1681 752 fores,
1726 675 2068 759 pendentia
2111 675 2345 758 linquit

735 777 892 842 Vela
934 778 1158 842 domus
1204 766 1523 842 et'adhuc
1567 776 1800 840 virides
1842 777 1910 840 in
1953 776 2188 840 lamine
2232 784 2503 842 ramos.“

602 879 670 941 E.
713 878 1016 944 Weberus
1059 881 1123 943 in
1171 880 1338 944 notis
1382 878 1789 943 translationi
1822 878 2228 962 germanicae
2269 879 2508 943 additis
2551 899 2631 945 ea

431 979 571 1044 vela
617 980 816 1064 accipi
863 982 1034 1060 vult,
1111 1002 1275 1065 quae
1332 987 1665 1064 portarum
1712 981 1850 1045 loco
1893 980 2222 1046 conclavia
2264 981 2491 1046 domus
2535 982 2631 1045 in-

433 1082 670 1147 teriora
713 1083 1123 1149 concludunt.
1209 1083 1335 1148 Sed
1398 1082 1756 1159 videamus,
1834 1103 1985 1146 num
2046 1083 2167 1147 hoc
2210 1083 2362 1147 ferri
2408 1084 2626 1165 possit.

432 1184 700 1249 Foribus
742 1186 987 1250 ornatis
1028 1206 1159 1250 non
1203 1185 1426 1249 eadem
1471 1183 1836 1268 significari,
1880 1204 2046 1268 quae
2090 1182 2263 1260 veliS,
2308 1182 2418 1247 sed
2461 1182 2632 1247 fores

432 1286 779 1351 exteriores
809 1286 1034 1351 domus
1060 1286 1514 1368 intelligendas
1546 1307 1680 1350 esse
1711 1291 1998 1369 apparet,
2043 1285 2162 1349 nisi
2211 1286 2629 1367 tautologiam

433 1393 715 1452 statuere
761 1388 1086 1463 volumus;
1159 1390 1380 1472 itaque
1439 1409 1582 1452 cum
1627 1389 1853 1453 domus
1896 1387 2065 1452 fores
2119 1392 2416 1462 ornatae,
2477 1387 2632 1451 viri-

434 1491 672 1573 desque
719 1490 780 1554 in
829 1489 1047 1554 limine
1092 1490 1260 1554 rami
1301 1490 1515 1555 festivi
1561 1490 1665 1554 hic
1710 1489 2030 1572 descripta
2074 1490 2235 1565 sint,
2295 1491 2450 1572 quid
2510 1489 2630 1553 sibi

434 1592 659 1656 volunt
700 1591 840 1656 vela
882 1592 996 1656 illa
1038 1592 1331 1675 vulgaria
1371 1601 1565 1676 atque
1597 1593 1853 1669 usitata,
1898 1612 2061 1674 quae
2106 1592 2188 1656 ad
2233 1592 2457 1657 domus
2499 1590 2633 1655 cul-

437 1701 572 1758 tum
620 1699 685 1758 et
729 1700 1174 1777 ornamentum
1223 1694 1382 1759 nihil
1425 1695 1705 1759 attinent
1728 1744 1743 1772 ‚
1816 1715 1959 1758 cum
2016 1693 2301 1776 quotidie
2343 1700 2630 1777 specten-

434 1797 580 1863 tur?
665 1797 892 1879 Itaque
937 1796 1184 1861 aulaea·
1211 1801 1363 1860 sunt
1404 1796 1473 1859 in
1519 1795 1685 1860 atrio
1734 1795 1828 1860 vel
1873 1796 1939 1859 iu
1987 1794 2272 1860 thalamo
2302 1815 2629 1879 suspensa,

435 1919 598 1982 quae
642 1897 776 1962 sola
820 1896 923 1962 hic
970 1897 1197 1982 respici
1244 1903 1529 1981 possunt.
1582 1941 1653 1951 -
1701 1897 2082 1962 Aulaeorum
2130 1920 2311 1963 usum
2357 1918 2483 1962 non
2532 1919 2632 1961 sa-

437 2001 521 2065 tis
564 1999 774 2064 adhuc
821 1998 1014 2064 fuisse
1060 2006 1280 2065 notum
1328 1999 1529 2064 etiam·
1568 2020 1646 2064 ex
1689 1999 1814 2076 eis,
1874 2021 2038 2082 quae
2086 2006 2471 2084 sequuntur,
2529 2021 2630 2064 co-

438 2121 737 2184 gnoscere
796 2099 978 2164 licet:
1054 2100 1241 2184 Apud
1285 2100 1576 2166 Tacitum
1637 2101 1898 2183 (Annal.
1942 2102 2120 2180 XIII,
2165 2103 2231 2185 5)
2276 2102 2435 2167 haec
2476 2102 2633 2186 legi·

436 2223 580 2266 mus
624 2207 938 2286 ,‚(patres)
982 2202 1048 2266 in
1081 2202 1398 2267 Palatium
1444 2202 1525 2268 ob
1555 2203 1622 2268 id
1667 2202 2061 2268 vocabantur
2105 2209 2177 2267 ut
2223 2204 2627 2289 (Agrippina)

438 2303 726 2369 adstaret
769 2302 1006 2368 additis
1049 2324 1089 2368 a
1132 2310 1312 2389 tergo
1357 2304 1600 2369 foribus
1647 2304 1783 2369 velo
1827 2305 2135 2383 discreta,
2210 2306 2381 2390 quod
2426 2307 2625 2372 visum

437 2412 719 2486 arceret‚'
749 2405 1009 2471 auditus
1052 2428 1177 2473 non
1225 2407 1599 2472 adimeret.“
1684 2408 1883 2485 Quem
1936 2407 2143 2487 locum
2185 2408 2278 2473 ita
2320 2411 2634 2491 interpre-

437 2514 615 2574 tatur
657 2507 1079 2593 Nipperdeius
1121 2529 1310 2588 „man
1356 2508 1610 2573 machte
1654 2508 1869 2574 hiuter
1913 2510 2036 2575 den
2082 2509 2630 2576 Senatorensitzen

437 2614 579 2676 eine
624 2630 788 2675 neue
818 2610 1011 2689 Thiir,
1055 2632 1165 2675 um
1211 2611 1387 2676 nicht
1431 2610 1617 2675 einen
1648 2610 1764 2675 der
1794 2611 2271 2694 gewiihnlichen
2303 2612 2631 2694 Eingange

439 2733 517 2777 zu
563 2709 1010 2776 verschliessen
1038 2761 1053 2791 ,
1128 2712 1259 2777 und
1317 2712 1621 2777 zwischen
1687 2713 1893 2777 dieser
1954 2713 2085 2778 und
2140 2713 2283 2778 dem
2328 2714 2634 2797 Vorhang

441 2815 596 2897 barg
627 2812 1209 2898 sich‚Agrippina.“
1298 2814 1424 2879 Sed
1471 2835 1586 2878 cur
1630 2835 1756 2879 non
1804 2816 2109 2882 ostiorum
2149 2813 2314 2899 quae
2344 2816 2632 2893 aderant,

439 2923 641 2981 unum
708 2914 1197 2981 concluserunt?
1281 2917 1376 2981 Ne
1442 2923 1771 2981 senatores
1837 2917 1958 2982 hac
2021 2937 2090 2981 re
2153 2919 2633 3002 stupescerent?

441 3038 600 3101 quos
658 3037 803 3082 cum
860 3038 1025 3083 nova
1079 3024 1270 3103 porta
1329 3025 1672 3103 appareret
1696 3068 1711 3096 ‚
1788 3018 1927 3084 velo
1981 3040 2109 3083 non
2156 3020 2479 3086 occultata
2521 3022 2630 3085 sed

441 3125 790 3197 ostentata,
836 3139 964 3184 non
1008 3126 1369 3204 stupescere
1413 3119 1793 3184 crederent?
1879 3120 2010 3185 Cur
2054 3128 2267 3187 tantas
2310 3122 2668 3187 molestias

441 3222 562 3288 sibi
605 3220 935 3305 imposuit,
979 3242 1123 3286 cum
1165 3219 1334 3285 idem
1377 3221 1631 3286 facilius
1673 3228 1887 3307 posset
1928 3223 2196 3307 adipisci
2243 3226 2636 3310 Agrippina?

441 3324 827 3408 Conjectura
870 3322 1212 3388 difficultas
1256 3324 1530 3388 levanda
1575 3323 1841 3389 videtur.
1930 3327 2016 3389 At
2045 3325 2291 3392 codices
2321 3326 2404 3391 ad
2436 3349 2635 3391 uuum

441 3447 659 3493 omnes
708 3424 980 3507 „abditis
1021 3425 1299 3491 foribus“
1350 3425 1670 3491 exhibent.
1762 3427 2112 3511 Agrippina
2156 3425 2307 3509 ergo
2351 3437 2497 3512 post
2540 3451 2633 3494 se-

441 3534 742 3594 natorum
785 3526 984 3602 sedes,
1028 3527 1184 3592 velis
1228 3528 1579 3611 (intelligas
1622 3528 1841 3614 pictis)
1887 3529 2225 3607 foramine,
2271 3530 2443 3612 quod
2486 3532 2633 3596 ade—

441 3635 578 3711 rat,
633 3630 849 3694 clauso
894 3628 1169 3707 aulaeis,
1226 3650 1391 3711 quae
1432 3630 1741 3714 parietem
1790 3632 2137 3711 ornabant,
2195 3631 2465 3697 fortasse
2511 3634 2635 3698 dis-

442 3733 689 3818 pansiS‚
749 3732 1148 3796 commodum
1192 3735 1667 3814 receptaculum
1712 3733 1830 3798 sibi
1878 3731 2240 3813 constituit,
2310 3742 2381 3799 ut
2442 3736 2632 3801 verba

442 3839 808 3899 senatorum
856 3838 1070 3918 posset
1113 3831 1356 3896 audire.
1447 3835 1676 3917 Itaque
1734 3836 1907 3918 quod
1964 3858 2183 3901 omnes
2238 3837 2485 3901 codices
2532 3860 2633 3901 ex⁴

444 3935 702 4014 hibent,
773 3934 1083 4015 „abditis“
1146 3933 1482 3998 restituere
1540 3957 1664 4000 non
1739 3937 2124 4002 dubitamus.
2257 3941 2463 4022 Atque
2533 3939 2636 4003 hic

442 4039 657 4103 vocem
726 4037 939 4119 „velo“
1003 4036 1085 4099 ad
1151 4036 1461 4115 „abditis“
1526 4038 1799 4120 positam
1869 4060 2003 4102 esse
2080 4040 2464 4105 censendum
2523 4047 2637 4115 est,

447 4138 690 4221 „damit
733 4140 858 4215 sie,
914 4138 1111 4202 durch
1161 4139 1301 4201 eine
1352 4141 1733 4205 vermittelst
1776 4143 1949 4205 eines
1993 4139 2198 4203 velum
2244 4143 2363 4205 den
2420 4147 2634 4223 Augen

442 4245 786 4324 entzogene
830 4239 1005 4304 Thiir
1052 4239 1381 4317 verdeckt‚
1443 4241 1869 4322 gegenwiirtig
1927 4243 2060 4305 sein
2110 4242 2384 4307 konne.“
2476 4244 2635 4307 Con-
