2946 4740
1465 245 1628 335 36·

409 431 584 494 dicat
625 428 1031 493 Rochettius:
1081 428 1179 508 „le
1222 428 1376 492 fond
1419 426 1508 491 du
1553 426 1811 492 tableau
1854 425 2151 509 presente
2201 446 2327 490 une
2372 423 2618 509 galerie

412 537 719 597 souteuue
762 551 884 614 par
927 528 1039 594 des
1082 529 1340 612 couples
1385 529 1463 593 de
1507 528 1807 595 colonnes
1852 527 1952 595 du.
1984 527 2202 593 milieu
2221 575 2237 606 ,
2293 548 2448 591 avec
2493 546 2619 592 une

308 666 312 671 ·
412 639 596 719 porte
657 635 1098 698 entreouverte
1157 652 1237 696 en
1293 630 1432 696 face
1476 630 1630 696 d’un
1673 630 1785 697 des
1828 628 2508 706 entrecolounements,
2553 633 2622 694 et

413 755 566 801 avec
586 784 587 787 η
608 752 694 799 1111
740 734 909 818 tapis
953 732 1306 816 suspendu,
1351 731 1850 820 περιπέτασμα,
1893 752 1975 797 611
2003 736 2201 796 avant
2230 729 2381 796 d'un
2412 737 2621 796 autre.

415 837 586 902 C'est
636 836 893 918 l’image
945 835 1034 899 du
1089 834 1405 920 gynaecea
1471 836 1556 900 ou
1611 855 1678 900 se
1736 855 1921 919 passe
1980 833 2236 898 l'actiou
2290 832 2451 898 dans
2491 852 2624 899 une

414 937 821 1004 ordonnance
877 936 1368 1001 d'architecture
1425 938 1613 1021 digne
1665 937 1759 1002 1111
1816 935 2144 1002 caractere
2189 935 2497 1019 heroique
2541 934 2624 1000 de

414 1039 481 1102 18
532 1036 780 1103 scene“.
902 1039 1188 1122 Ineptiae
1248 1038 1383 1104 hae
1439 1044 1593 1104 sunt
1653 1039 1911 1104 minime
1968 1037 2310 1105 ferendae..
2404 1035 2623 1103 Ullum

415 1159 789 1222 graecorum
845 1160 1233 1223 gynaeceum
1292 1141 1443 1206 huic
1487 1141 1693 1207 simile
1739 1140 1935 1206 fuisse
1981 1158 2173 1222 nege,
2246 1159 2391 1205 cum
2434 1159 2512 1205 ea
2554 1139 2622 1203 in

415 1241 848 1326 superioribus
891 1241 1117 1306 domus
1160 1243 1451 1327 partibus
1493 1243 1867 1328 plerumque
1895 1242 2107 1326 posita
2135 1245 2368 1307 essent.
2456 1241 2626 1306 Cave

416 1365 498 1410 ne
541 1343 789 1422 credas,
834 1343 1111 1409 feminas
1153 1365 1417 1427 graecas
1458 1345 1584 1410 nisi
1627 1345 1695 1409 in
1728 1361 2066 1428 gynaeceO,
2114 1343 2295 1409 nullo
2325 1343 2454 1409 alio
2484 1343 2625 1409 loco

417 1446 644 1512 domus
688 1445 960 1510 inveniri
1003 1447 1314 1528 potuisse,
1374 1467 1566 1512 areae
1609 1452 1802 1529 atque
1847 1447 2022 1512 horti
2065 1462 2251 1511 usum
2295 1446 2387 1513 eis
2429 1444 2626 1510 fuisse

419 1555 744 1630 negatum.
855 1549 940 1611 At
982 1548 1152 1612 euim
1196 1549 1451 1613 etiamsi
1498 1547 1657 1613 haec
1700 1549 1796 1612 ita
1840 1554 2077 1629 essent,
2145 1547 2317 1631 quod
2362 1547 2626 1612 minime

419 1649 802 1714 credendum
865 1655 990 1726 est,
1075 1649 1311 1715 artifex
1385 1650 1611 1715 domus
1675 1648 1847 1733 leges
1905 1649 2225 1733 negligere
2289 1649 2622 1734 potuisset.
2663 1693 2669 1697 -

419 1751 648 1817 Tribus
676 1750 804 1816 illis
832 1750 1136 1834 gradibus
1164 1752 1356 1835 plane
1387 1751 1896 1817 demonstratum
1927 1757 2050 1832 est,
2094 1751 2302 1817 locum
2332 1750 2450 1816 sub
2480 1750 2626 1816 divo

419 1858 569 1919 ante
625 1852 940 1939 porticum
1000 1873 1137 1918 esse
1195 1853 1697 1938 intelligendum.
1808 1854 1884 1918 In
1939 1853 2184 1919 musivo
2240 1857 2455 1919 autem
2511 1853 2626 1918 illo

418 1953 861 2019 umbraculum
931 1955 1139 2038 ipsum
1206 1954 1377 2021 horti
1441 1957 1649 2036 vides3
1719 1956 1845 2021 veli
1911 1956 2184 2021 formam
2238 1954 2629 2039 triangulam

419 2061 639 2141 aptam
696 2057 891 2120 fuisse
949 2056 1183 2140 pictori
1234 2057 1657 2141 judicandum
1712 2062 1840 2137 est,
1907 2077 2298 2141 quamquam
2342 2054 2626 2142 eJusde'm

420 2159 664 2224 formae
721 2157 1081 2223 umbraculi
1123 2160 1418 2243 exempla
1462 2181 1592 2225 nou
1639 2159 1963 2224 deficiunt.
2077 2158 2381 2225 Conferas
2422 2158 2629 2242 pictu—

419 2281 558 2325 ram
594 2259 780 2324 -illam
827 2259 1334 2341 celeberrimam,
1379 2282 1549 2344 quae
1592 2262 1799 2325 rixam
1843 2262 1913 2324 in
1943 2260 2199 2325 theatro
2230 2260 2627 2345 Pompejano

419 2361 710 2447 depingit
752 2360 1083 2441 (Giornale
1128 2362 1296 2447 degli
1340 2363 1526 2429 Scavi
1572 2361 1713 2429 Vol.
1760 2363 1809 2441 I,
1853 2361 1981 2427 tab.
2016 2366 2100 2442 8).
2191 2362 2288 2428 Ibi
2332 2363 2400 2428 in
2444 2361 2629 2428 arbo-

420 2465 510 2529 ris
571 2464 766 2529 ramis
819 2464 944 2529 veli
989 2463 1116 2531 duo
1162 2465 1433 2531 laciniae
1478 2470 1629 2530 sunt
1671 2464 1869 2546 fixae,
1932 2464 2099 2529 sicut
2137 2464 2273 2529 illic
2314 2465 2383 2529 in
2425 2485 2627 2542 muro,

422 2565 616 2631 tertia
660 2566 906 2649 pertica
949 2568 1196 2633 nititur.
1285 2570 1497 2651 Atque
1538 2566 1699 2632 haec
1742 2567 2054 2650 imprimis
2091 2568 2362 2651 pictura,
2408 2587 2631 2651 quam-

422 2669 518 2733 vis
560 2668 624 2732 111
669 2688 748 2732 ea
788 2689 990 2753 parva
1033 2671 1120 2733 sit
1161 2689 1296 2747 ars,
1341 2690 1484 2734 cum
1518 2674 1820 2734 naturam
1850 2670 2056 2751 ipsam
2089 2670 2404 2748 ostendat,
2448 2668 2632 2735 nobis

424 2771 686 2834 maximi
731 2772 1037 2836 momenti
1081 2778 1196 2835 est.
1286 2771 1545 2855 Itaque,
1600 2776 1676 2835 ut
1717 2791 1937 2835 rursus
1979 2770 2065 2834 ad
2110 2772 2425 2835 musivum
2467 2772 2632 2839 illud

426 2872 700 2948 redeam,
746 2872 997 2938 Ulixem
1041 2892 1184 2937 cum
1216 2872 1423 2939 sodali
1452 2893 1725 2951 murum,
1772 2892 1899 2956 quo
1929 2872 2153 2937 hortus
2178 2872 2631 2956 circumdatur,

426 2975 786 3040 ascendisse
838 2979 1025 3057 pute,
1082 2974 1193 3040 ubi
1246 2974 1363 3040 sub
1409 2973 1783 3039 umbraculo
1828 2974 2141 3041 Achillem
2183 2996 2325 3040 cum
2372 2976 2633 3060 virgini-

427 3078 546 3143 bus
591 3076 1001 3158 conjunctum
1045 3077 1308 3142 invenit.
1397 3076 1517 3141 Cui
1560 3077 2080 3161 interpretationi
2111 3078 2369 3145 minime
2400 3078 2632 3159 obstat,

426 3178 599 3264 quod
641 3176 855 3242 fusum
895 3183 961 3242 et
1004 3176 1345 3259 quasillum
1392 3177 1544 3243 illae
1574 3199 1787 3244 secum
1817 3179 2049 3244 ferunt.
2083 3216 2163 3227 -
2210 3181 2304 3244 Ex
2338 3180 2439 3246 his
2468 3201 2634 3264 quae

428 3279 693 3365 exposui
724 3278 1061 3361 intelliges,
1105 3285 1352 3344 veteres
1396 3279 1601 3346 multo
1631 3282 1899 3365 saepius
1943 3281 2257 3363 ejusmodi
2299 3283 2634 3349 umbracu-

432 3383 512 3446 lis
555 3402 703 3447 usos
746 3399 908 3458 esse,
954 3401 1151 3465 quam
1195 3402 1341 3460 nos;
1403 3382 1623 3465 itaque
1662 3382 2084 3463 judicandum
2129 3388 2253 3462 est,
2298 3386 2491 3450 etiam
2535 3404 2636 3452 86-

433 3484 588 3550 dilia
632 3504 667 3549 e
711 3503 1058 3561 marmore,
1098 3502 1267 3566 quae
1312 3483 1559 3548 Plinius
1601 3485 1668 3547 in
1713 3483 1898 3549 horto
1944 3483 2135 3549 villae
2178 3484 2420 3549 Tuscae
2465 3507 2636 3551 com-

434 3590 775 3666 memorat,
834 3603 999 3668 quae
1059 3584 1496 3654 ambulatione
1553 3585 1753 3650 fessos
1809 3590 1922 3665 „ut
1980 3586 2343 3651 cubiculum
2384 3587 2634 3671 ipsum“

429 3693 688 3776 Juvant,
732 3687 984 3753 etiamsi
1028 3686 1144 3752 sub
1189 3686 1524 3753 arboribus
1565 3687 1777 3771 posita
1818 3694 2034 3782 erant,
2075 3688 2404 3755 frondibus
2434 3694 2499 3753 et
2535 3710 2639 3753 ve-

435 3792 517 3876 lis
588 3789 984 3855 circumdata
1047 3788 1262 3852 fuisse.
1380 3789 1560 3866 Quae
1603 3788 1981 3857 umbracula
2038 3790 2201 3856 alias
2257 3795 2637 3856 occurrunt:

438 3893 705 3977 pergula
749 3889 1049 3954 umbrosa
1105 3890 1276 3972 apud
1319 3890 1598 3953 Plinium
1657 3890 1764 3974 (N.
1817 3891 1897 3957 H.
1948 3897 2043 3969 14,
2095 3898 2120 3956 1
2170 3894 2272 3977 (3)
2324 3895 2463 3972 11),
2532 3894 2639 3958 sti-

437 3994 700 4060 badium
761 3992 1032 4056 candido
1075 4011 1392 4055 marmore
1436 3992 1659 4075 (quod)
1719 3994 1846 4059 vite
1888 3993 2258 4077 protegitur
2302 3994 2495 4079 (Plin.
2540 4014 2639 4079 ep.

443 4099 517 4173 V,
564 4102 622 4176 6,
668 4098 807 4174 32),
851 4094 1118 4179 picturis
1163 4093 1320 4157 satis
1362 4092 1800 4180 illustrantur,
1861 4116 2021 4178 quas
2063 4096 2241 4161 vides
2282 4097 2349 4160 in
2393 4096 2641 4161 Pitture

443 4191 716 4260 d'Ercol.
764 4193 848 4273 H,
894 4194 1022 4260 tab.
1071 4199 1151 4259 49
1198 4199 1265 4259 et
1308 4194 1392 4274 II,
1435 4216 1497 4278 p.
1548 4200 1686 4260 103.
1790 4196 1915 4263 Sed
1957 4197 2342 4262 credendum
2388 4204 2502 4278 est,
2562 4200 2643 4265 si-
