2946 4740
1420 246 1506 309 43

371 436 524 498 sunt
539 481 556 512 ,
622 450 785 514 quae
841 429 895 496 si
947 428 1082 493 alia
1139 428 1433 513 exempla
1476 447 1606 493 non
1661 427 1961 493 adessent
2001 428 2107 494 vix
2152 428 2564 513 interpretari

371 549 715 616 possemus.
780 530 1109 596 Brunnius
1149 529 1431 613 neglexit
1472 550 1570 607 ea,
1609 533 1785 595 certe
1826 529 1997 613 quod
2038 549 2119 596 ea
2162 548 2293 594 non
2331 550 2565 614 cogno·

312 650 315 653 ’
374 634 485 698 vit.
569 633 721 699 Sine
760 633 960 699 dubio
1000 631 1142 699 vela
1187 631 1471 697 indicata
1515 635 1684 711 sunt,
1723 651 1894 714 qnae
1925 632 2273 697 tentorium
2299 631 2565 697 Achillis

373 734 797 815 circumdant3
845 734 954 799 sed
997 734 1160 799 miro
1202 752 1355 799 sane
1395 741 1460 798 et
1490 731 1799 816 singulari
1827 733 2051 811 mod03
2096 752 2304 817 neque
2346 739 2566 799 tamen

373 836 746 918 symboli003
816 835 927 901 sed
972 837 1305 900 decurtata
1342 840 1497 901 sunt
1536 833 1677 900 vela
1715 841 1785 900 et
1825 835 1894 900 in
1934 839 2278 920 angustum
2319 840 2562 900 coacta.

371 939 511 1003 Non
560 938 747 1003 aliter
792 939 937 1003 vela
985 956 1119 1002 esse
1163 936 1541 1020 explicanda
1556 983 1572 1013 ‚
1639 935 1946 1020 diptycha
1988 933 2273 1022 ejusdem
2330 937 2566 1002 aetatis

372 1040 612 1124 optime
656 1039 999 1109 ostendunt
1017 1088 1032 1116 ,
1097 1058 1262 1122 quae
1321 1038 1496 1104 vides
1540 1037 1709 1121 apud
1756 1037 2019 1104 Gorium
2070 1038 2233 1104 thes.
2277 1037 2437 1123 dipt.
2480 1077 2561 1089 -

369 1143 511 1208 Hac
566 1163 636 1209 re
690 1142 1005 1217 adducor,
1068 1145 1142 1204 ut
1197 1140 1468 1222 denique
1525 1140 1608 1204 de
1665 1140 1917 1206 ratione
1973 1142 2115 1226 ipsa
2168 1139 2455 1209 velorum
2495 1140 2564 1204 in

369 1244 544 1308 cistis
607 1242 808 1308 aereis
873 1241 1432 1323 significandorum
1473 1261 1680 1324 pauca
1723 1241 1987 1323 addam,
2045 1261 2212 1326 quae
2255 1240 2564 1325 exemplis

370 1347 806 1410 demonstrare
863 1343 1074 1408 liceat.
1154 1341 1370 1408 Cistas
1412 1343 1863 1409 Praenestinas
1919 1343 2235 1429 imprimis
2275 1348 2565 1409 contem-

369 1447 619 1532 plemur
662 1450 933 1529 oportet.
1021 1445 1400 1529 Saepissime
1442 1445 1512 1509 in
1557 1446 1647 1510 eis
1665 1495 1679 1522 ,
1724 1465 1890 1528 quae
1933 1445 2243 1510 recedunt
2270 1443 2562 1528 partibus

366 1550 760 1615 lineamenta
815 1546 1128 1612 undulata
1187 1551 1587 1629 spectantur,
1650 1568 1819 1630 quae
1878 1546 1986 1612 vix
2027 1545 2336 1630 explicari
2379 1565 2561 1629 posse

370 1651 695 1730 videntur,
738 1669 883 1713 cum
926 1648 1082 1712 satis
1120 1647 1324 1712 libera
1367 1653 1434 1712 et
1478 1648 1788 1713 dissoluta
1831 1648 1978 1712 sint.
2064 1647 2389 1731 Imprimis
2416 1667 2563 1731 spa-

372 1753 534 1816 tium
596 1751 676 1815 iis
720 1750 1101 1834 explendum
1153 1768 1289 1814 esse
1333 1749 1560 1813 elucet.
1643 1749 1773 1815 Sed
1817 1750 1954 1821 sine
1999 1748 2133 1814 ullo
2176 1748 2441 1814 consilio
2484 1769 2564 1814 ea
2686 1821 2694 1826 ,

369 1852 677 1936 inscripta
721 1872 854 1916 esse
898 1853 1156 1931 minime
1200 1856 1298 1915 est
1342 1851 1746 1915 credendum.
1825 1850 2040 1916 Cistae
2084 1851 2560 1929 Praenestinae,

371 1975 563 2038 quam
606 1954 930 2018 Brunnius
973 1952 1176 2016 edidit
1218 1953 1386 2017 Mon.
1433 1953 1527 2018 In.
1582 1956 1763 2032 1862,
1808 1953 1938 2018 tab.
1990 1956 2089 2031 61,
2138 1956 2216 2017 62
2271 1953 2386 2037 (cf.
2434 1954 2562 2017 An-

369 2055 504 2120 nali
548 2059 628 2118 34
671 2077 732 2138 p.
780 2059 846 2131 5)
892 2055 960 2118 in
1004 2051 1301 2117 inferiore
1345 2060 1530 2137 parte
1575 2074 1789 2136 pugna
1828 2055 2148 2138 quaedam
2174 2055 2555 2120 illustratur.

367 2158 786 2222 Lineamenta
836 2154 980 2233 illa,
1039 2174 1202 2238 quae
1245 2153 1452 2236 vides,
1512 2156 1835 2240 regionem
1880 2156 2181 2222 clivosam
2224 2155 2552 2235 indicant;

368 2260 436 2322 in
490 2258 702 2322 media
758 2264 939 2339 parte
995 2256 1415 2339 Trojanorum
1465 2258 1733 2340 juvenes
1766 2263 2099 2324 ‘necantur
2142 2257 2209 2322 in
2253 2256 2556 2325 honorem

369 2357 668 2425 Patrocli.
772 2356 1032 2424 Duobus
1090 2357 1421 2425 arboribus
1475 2359 1642 2424 male
1698 2358 2033 2446 descriptis
2074 2361 2362 2446 parergis
2405 2381 2557 2426 usus

368 2470 465 2528 est
507 2462 758 2527 artifex.
860 2462 1276 2526 Lineamenta
1334 2481 1529 2543 supra
1586 2461 1799 2544 capita
1839 2463 2122 2528 omnium
2166 2463 2405 2547 scripta
2446 2463 2558 2529 cli·

368 2583 591 2629 vorum
647 2563 1187 2647 propinquitatem
1246 2561 1632 2654 significant3
1705 2584 1857 2628 nam
1912 2584 2300 2648 quamquam
2345 2585 2447 2629 res
2489 2567 2555 2630 in

367 2666 636 2751 planitie
678 2664 957 2747 Trojana
999 2664 1338 2748 cogitanda
1378 2669 1507 2743 est,
1550 2663 1692 2729 fieri
1736 2686 1863 2731 non
1904 2667 2145 2750 potuit,
2205 2672 2279 2729 ut
2322 2666 2555 2732 artifex

369 2767 653 2832 studium
696 2766 991 2850 explendi
1032 2767 1371 2831 omitteret.
1472 2768 1687 2850 Atque
1728 2788 1950 2833 rursus
1973 2768 2059 2835 ,in
2104 2788 2351 2832 summa
2393 2768 2555 2834 cista

370 2867 480 2933 ubi
534 2868 914 2934 feminarum
960 2873 1026 2932 et
1069 2869 1351 2932 virorum
1392 2868 1829 2935 fabulosorum
1872 2870 2132 2954 epulum
2175 2869 2395 2936 fiotum
2437 2877 2552 2952 est,

368 2969 539 3035 inter
579 2969 967 3053 singulorum
1012 2968 1224 3052 capita
1252 2970 1644 3036 lineamenta
1671 2971 1985 3037 undulata
2015 2973 2343 3056 conspicis,
2388 2994 2553 3056 quae

369 3072 506 3137 sine
547 3071 685 3155 lege
727 3072 863 3136 ulla
904 3072 1144 3155 scripta
1184 3071 1509 3151 videntur,
1572 3073 1667 3137 ita
1710 3079 1955 3151 tamen,
2018 3078 2112 3163 ut.
2134 3075 2312 3139 sinus
2353 3074 2553 3141 hemi-

366 3174 552 3258 cyclii
591 3196 719 3240 non
764 3174 847 3239 ad
890 3179 1127 3237 terram
1173 3173 1285 3237 sed
1327 3174 1396 3237 in
1438 3173 1846 3240 altitudinem
1875 3175 2005 3238 sint
2032 3176 2242 3258 aperti
2270 3175 2552 3242 velorum

361 3277 612 3343 ratione
656 3294 1119 3360 suspensorum.
1205 3274 1427 3359 Neque
1469 3275 1891 3342 dubitandum
1932 3280 2047 3352 est,
2092 3276 2247 3359 quin
2290 3278 2395 3343 hio
2437 3299 2551 3345 au-

363 3380 507 3444 laea
558 3379 943 3454 indicentur,
1011 3394 1174 3459 quae
1232 3377 1465 3441 artifex
1522 3379 1590 3442 in
1648 3378 2107 3456 monumentis,
2169 3377 2550 3463 ubicumque

361 3479 550 3564 epula
593 3479 1026 3557 celebrantur,
1095 3497 1136 3540 a
1178 3482 1358 3561 tergo
1399 3499 1818 3563 personarum
1862 3498 2170 3564 suspensa
2212 3500 2349 3545 esse
2387 3502 2548 3546 sem-

359 3602 474 3665 per
531 3580 705 3662 vidit.
813 3581 986 3657 Quae
1044 3579 1225 3644 nobis
1283 3581 1478 3645 etiam
1529 3580 1956 3665 perlucidiora
2015 3579 2424 3661 videbuntur,
2494 3584 2549 3649 si

359 3684 527 3748 hanc
572 3683 792 3746 cistam
837 3701 980 3744 cum
1023 3681 1153 3745 alia
1195 3683 1679 3764 contulerimus,
1724 3703 1918 3767 quam
1960 3682 2037 3746 R.
2065 3681 2413 3749 Schoenius
2457 3684 2542 3748 M.

359 3785 533 3849 Ined.
604 3786 784 3846 1868.
847 3782 1021 3858 VIII,
1084 3782 1211 3847 tab.
1261 3788 1360 3863 56,
1408 3790 1486 3848 57
1537 3786 1739 3850 edidit
1792 3782 1900 3863 (ci.
1946 3783 2184 3848 Annali
2227 3806 2289 3867 p.
2336 3789 2540 3863 415):

358 3884 472 3949 Vir
518 3884 825 3950 barbatus
883 3903 1025 3947 oum
1072 3885 1336 3967 conjuge
1382 3885 1726 3951 adventum
1761 3885 2016 3969 juvenis
2058 3886 2281 3950 militis
2324 3905 2543 3970 exspe-

354 3991 511 4066 ctat,
587 3987 768 4070 cujus
824 4006 1056 4068 equum
1111 4005 1271 4069 puer
1328 3986 1545 4051 trahit.
1645 3988 1717 4051 In
1775 3983 2067 4070 partibus
2110 3988 2578 4070 superioribus*

353 4092 629 4171 quatuor
684 4087 1013 4153 columnae
1072 4094 1221 4152 sunt
1278 4088 1620 4153 indicatae.
1727 4087 2092 4171 Sequuntur
2147 4087 2231 4152 ad
2291 4089 2541 4154 laevam

351 4210 611 4254 manum
658 4189 782 4253 duo
818 4190 1083 4272 juvenes
1127 4209 1266 4255 cum
1312 4189 1543 4273 puellis
1572 4189 1840 4255 duabus.
1928 4188 2210 4269 Quorum
2238 4189 2409 4255 inter
2437 4209 2541 4255 ca-
