2946 4740
1389 271 1427 330 9

314 457 447 521 Sub
490 477 590 519 no.
626 460 705 518 44
761 452 1012 536 amplae
1067 453 1294 519 domus
1344 452 1613 536 parietis
1671 452 1938 516 interior
1994 454 2171 516 frons
2213 457 2313 516 est
2357 456 2509 515 ante

316 558 533 623 oculos
573 557 799 641 posita,
843 555 939 619 ita
969 559 1041 619 ut
1071 559 1136 618 et
1166 555 1456 638 superior
1487 559 1553 617 et
1579 553 1847 618 inferior
1878 553 2193 620 tabulatio
2224 552 2502 636 conspici

315 660 535 742 possit.
625 658 803 721 Inter
847 662 1188 738 utramque
1246 656 1473 721 domus
1528 662 1779 738 partem
1823 676 2079 723 camera
2121 654 2222 720 vel
2267 660 2509 719 tectum

318 766 416 826 est
456 761 757 825 omissum
779 807 794 835 ,
867 757 978 821 sed
1022 757 1175 821 tecti
1220 757 1514 836 aulaea,·
1561 777 1705 822 cum
1750 755 1984 821 artifici
2027 757 2185 820 satis
2228 755 2509 839 amplam

316 860 578 928 ludendi
639 859 1031 925 occasionem
1090 858 1503 941 praeberent,
1575 859 1823 942 magnis
1892 857 2134 924 sinibus
2201 877 2511 941 suspensa

316 969 486 1029 sunt.
578 961 885 1027 Confer-as
926 981 1067 1025 cum
1119 958 1237 1024 hac
1280 959 1477 1024 aliam
1523 958 1640 1025 sub
1685 980 1787 1023 no,
1823 963 1859 1023 6
1904 959 2212 1044 positam,
2276 958 2384 1022 ubi
2432 978 2512 1023 ex

318 1066 547 1129 umbra
590 1069 658 1129 et
710 1083 958 1129 recessu
1003 1062 1233 1127 aulaea
1275 1062 1473 1148 plana
1518 1063 1608 1142 (in
1659 1061 1917 1135 modum
1962 1062 2141 1138 tecti)
2201 1059 2513 1125 collocata

316 1186 456 1232 esse
499 1166 692 1231 vides.
959 1161 962 1163 ’

489 1267 776 1350 Denique
822 1270 896 1333 ut
939 1266 1169 1331 aulaea
1212 1267 1329 1332 sul)
1372 1266 1676 1343 cameris,
1750 1264 1870 1329 etsi
1925 1286 2052 1332 non
2098 1285 2213 1349 per
2254 1265 2512 1348 longum

319 1377 603 1452 tempus,
677 1369 919 1434 Romae
963 1368 1252 1434 adhibita
1294 1388 1431 1433 esse
1475 1368 1733 1445 credaS‚
1808 1387 1885 1431 ea
1937 1386 2040 1430 res
2094 1388 2219 1432 non
2265 1368 2514 1432 minimi

319 1470 623 1538 momenti
655 1491 790 1536 esse
822 1470 1089 1550 videtur,
1137 1491 1327 1554 quam
1361 1470 1837 1552 Petersenius1)
1881 1468 2170 1551 protulit.
2229 1469 2512 1534 Nonnul-

319 1573 416 1639 las
461 1575 631 1637 enim
675 1572 962 1655 picturas
1002 1573 1067 1635 in
1103 1571 1367 1636 thermis
1396 1571 1525 1636 Titi
1556 1573 1847 1636 inventas
1892 1570 2117 1656 (etiam
2146 1591 2288 1636 eam
2320 1591 2514 1655 quam
2628 1554 2637 1563 ⁴

321 1675 724 1755 Petersenius
754 1673 955 1738 edidit
996 1674 1061 1738 in
1097 1674 1267 1738 Mon.
1303 1673 1480 1738 Ined.
1515 1674 1621 1738 VI.
1677 1673 1807 1739 tab.
1858 1676 1968 1755 49)
2028 1673 2285 1737 omnino
2345 1679 2516 1738 recte

317 1777 593 1858 intelligi
638 1796 824 1859 posse
869 1781 1079 1859 negat,
1127 1776 1252 1840 nisi
1295 1775 1361 1840 id
1403 1777 1469 1838 in
1515 1777 1731 1840 animo
1775 1774 2031 1852 habeas
2076 1774 2203 1838 illis
2247 1775 2516 1858 picturis

317 1878 384 1943 id
429 1878 589 1943 effici
635 1878 896 1958 debere,
958 1883 1032 1941 ut
1074 1882 1500 1961 spectatores,
1558 1877 1611 1942 si
1658 1899 1782 1942 non
1827 1875 2170 1953 fallantur,
2230 1882 2515 1940 attamen

320 1984 700 2046 moneantur
772 1999 1147 2062 magnorum
1220 1978 1534 2062 tapetium
1609 1979 1733 2043 -sub
1806 1979 1994 2044 tectis
2066 1984 2515 2061 suspensorum

323 2092 518 2161 (,‚non
563 2082 841 2166 potendo
885 2081 1016 2145 mai
1058 2102 1229 2146 esser
1272 2080 1681 2146 l’intenzione
1740 2081 1805 2146 di
1867 2079 2041 2145 voler
2085 2080 2399 2163 produrre
2444 2080 2509 2144 il·

321 2185 598 2262 lusione,
674 2203 780 2248 ma
832 2183 1183 2248 solamente
1241 2183 1309 2248 di
1368 2202 1720 2247 accennare
1780 2201 1816 2244 e
1869 2181 1937 2246 di
1980 2181 2268 2248 ricordar
2312 2183 2333 2246 i
2379 2187 2519 2267 tap-

321 2287 548 2372 petr‘).
595 2322 674 2337 ψ·-

492 2388 618 2454 Sed
665 2388 823 2453 haec
867 2388 1195 2453 hactenus.
1287 2389 1566 2453 Facilius
1628 2394 1724 2455 est
1778 2391 1856 2455 de
1911 2392 2151 2460 aulaeis
2196 2413 2360 2475 quae
2405 2411 2519 2475 pa-

322 2492 512 2555 rietes
555 2491 1012 2573 contegebant,
1073 2491 1402 2558 disserere.
1494 2491 1589 2554 Ex
1635 2491 1715 2556 iis
1758 2513 1919 2574 quos
1956 2492 2091 2576 jam
2140 2491 2519 2575 Marquard-

323 2594 452 2657 tius
495 2592 763 2677 protulit
805 2592 978 2672 locis,
1025 2592 1313 2658 Sallustii
1357 2592 1505 2657 hist.
1553 2593 1778 2676 fragm.
1826 2595 1908 2673 ΙΙ,
1956 2599 2065 2672 29,
2113 2592 2223 2658 ubi
2268 2594 2339 2673 Q.
2392 2592 2521 2658 Me-

324 2695 458 2760 telli
503 2694 570 2758 in
619 2694 931 2777 Hispania
973 2694 1285 2759 adventus
1331 2694 1692 2760 celebratur
1737 2696 1976 2761 verbis:
2025 2717 2208 2775 „cum
2254 2696 2337 2760 ad
2384 2716 2522 2760 coe·

326 2818 473 2861 nam
516 2796 895 2861 invitassent
938 2795 1112 2860 ultra
1147 2796 1574 2861 Romanorum
1620 2818 1697 2862 ac
1738 2798 2102 2863 mortalium
2150 2799 2343 2862 etiam
2390 2819 2522 2861 mo·

325 2920 459 2962 rem
505 2898 846 2974 curabant,
902 2899 1229 2963 exornatis
1273 2899 1539 2964 aedibus
1582 2921 1696 2984 per
1740 2900 1971 2966 aulaea
2013 2906 2085 2966 et
2123 2901 2339 2984 signa,
2388 2921 2523 2964 sce·

328 3001 552 3081 nisque
596 2999 680 3063 ad
726 3001 1218 3064 ostentationem
1269 3000 1649 3065 histrionum
1694 3002 2059 3083 fabricatis,
2103 3003 2292 3068 simul
2338 3023 2522 3072 croco

269 3161 279 3173 ,
328 3122 549 3185 sparsa
594 3101 823 3165 humus
867 3108 933 3164 et
975 3101 1106 3165 alia
1147 3102 1214 3165 in
1258 3103 1516 3166 modum
1562 3106 1782 3187 templi
1829 3105 2262 3170 celeberrimi·‘
2310 3112 2373 3170 et
2400 3108 2521 3171 Va-

327 3203 440 3267 ler.
491 3203 660 3267 Max.
709 3203 820 3280 IX,
872 3207 924 3279 1,
969 3208 1005 3265 5
1053 3203 1161 3268 ubi
1206 3203 1284 3267 de
1330 3204 1581 3268 eodem:
1639 3207 1848 3285 „Quid
1891 3207 2009 3272 sibi
2055 3207 2254 3272 voluit
2301 3206 2520 3271 Metel-

326 3306 428 3368 lus
478 3305 624 3369 Pius
668 3310 839 3382 tunc,
883 3324 1075 3387 quum
1124 3304 1188 3367 in
1236 3304 1549 3388 Hispania
1590 3307 1903 3372 adventus
1945 3330 2091 3374 suos
2135 3309 2217 3374 ab
2262 3308 2521 3393 hospiti-

328 3408 446 3471 bus
486 3407 619 3471 aris
661 3413 726 3472 et
770 3412 910 3471 ture
957 3407 1161 3488 excipi
1206 3406 1615 3488 patiebatur?
1686 3430 1879 3491 quum
1929 3389 2225 3475 Attalicis
2281 3410 2525 3476 aulaeis

330 3513 652 3572 contectos
695 3508 974 3592 parietes
1017 3508 1187 3572 laeto
1218 3508 1432 3573 animo
1461 3509 1849 3589 intuebatur,
1896 3533 2091 3595 quum
2137 3512 2525 3577 immanibus

329 3609 534 3692 epulis
589 3610 1097 3692 apparitissimos
1153 3611 1468 3694 interponi
1524 3611 1709 3676 ludos
1771 3613 2062 3677 sinebat}>
2134 3634 2328 3696 quum
2389 3615 2525 3700 pal·

331 3718 507 3775 mata
560 3717 731 3774 veste
791 3712 1080 3775 convivia
1145 3713 1545 3790 celebrabat,
1622 3713 2057 3798 demissasque
2115 3715 2524 3782 lacunaribus

329 3834 557 3877 aureas
616 3832 882 3876 coronas
943 3814 1116 3877 velut
1169 3815 1426 3880 coelesti
1481 3817 1689 3900 capit-e
1747 3817 2208 3899 recipiebat?⁶‘:
2284 3840 2362 3881 ex
2406 3818 2523 3896 his,

331 3916 496 3992 dico,
536 3915 675 3998 jam
716 3915 1009 3979 concludi
1055 3920 1292 3998 potest,
1338 3937 1536 3999 usque
1579 3918 1660 3982 ad
1707 3917 1896 3981 finem
1947 3920 2199 4004 sept-imi
2247 3939 2304 3983 a.
2354 3941 2416 3984 u.
2461 3941 2515 3985 c.

331 4017 566 4081 saeculi
624 4016 993 4082 aulaeorum
1050 4017 1369 4081 luxuriam
1430 4018 1495 4082 in
1557 4018 1848 4083 domibus
1892 4021 2285 4103 privatorum
2330 4022 2523 4088 fuisse

474 4238 513 4305 ¹)
587 4238 645 4290 in
681 4237 886 4292 Annali
921 4238 1031 4291 del’
1068 4238 1202 4292 Inst.
1244 4238 1396 4292 1861.
1436 4256 1491 4307 p.
1534 4241 1633 4293 195
1670 4239 1721 4293 ff.
