2946 4740
1433 248 1470 304 7
1501 239 1506 243 ,

356 429 613 493 stultior
656 448 870 492 eorum
918 429 1232 491 sententia
1276 429 1433 490 mihi
1481 429 1748 504 videtur,
1794 427 1904 508 qui
1947 426 2027 490 ob
2070 426 2240 490 hunc
2271 449 2552 492 errorem

357 531 802 595 auctoritatem
834 529 1321 593 scholiastarum
1357 528 1616 592 omnino
1646 527 1996 610 negligunt,
2040 548 2271 610 eosque
2302 529 2383 594 ab
2414 529 2555 613 ipso

358 632 624 696 Horatio
669 632 736 694 in
783 651 1062 695 errorem
1107 630 1331 694 ductos
1375 650 1513 694 esse
1574 629 1831 707 dicunt,
1904 648 2047 693 cum
2110 650 2330 694 eorum
2387 631 2553 695 alter

356 733 488 798 suis
546 733 940 816 temporibus
1001 732 1320 797 thalamos
1378 730 1641 796 tentorii
1697 731 1902 794 instar
1972 736 2233 795 ornatos
2301 731 2550 808 viderit,

355 856 473 900 nec
515 835 830 917 quomodo
875 833 1013 896 fieri
1058 834 1373 917 potuerit,
1448 838 1521 896 ut
1565 832 1617 896 si
1664 831 1909 914 tapetia
1952 830 2139 894 modo
2185 831 2248 893 in
2294 833 2554 915 parieti-

354 937 471 1003 bus
519 938 780 1002 vidisset
823 935 1052 1000 aulaea
1093 935 1260 1000 male
1305 934 1877 1017 interpretaretur,
1945 931 2082 995 ullo
2121 932 2309 1000 modo
2353 934 2555 1017 possit

354 1037 647 1120 intelligi.
735 1038 819 1100 At
863 1037 1160 1101 Metellus
1204 1037 1387 1114 Pius,
1449 1037 1543 1100 ita
1589 1033 2069 1117 Marquardtius
2129 1034 2552 1099 ratiocinatur

355 1139 776 1223 sagacissime,
814 1139 1006 1221 juxta
1048 1138 1326 1221 parietes
1370 1136 1614 1202 aulaeis
1648 1140 1990 1210 contectos,
2036 1135 2339 1217 laqueata
2382 1141 2554 1200 tecta

353 1243 416 1307 in
477 1241 662 1306 domo
720 1240 964 1305 habuit.
1054 1240 1263 1318 Quid?
1350 1239 1528 1318 Quod
1591 1238 1702 1302 ille
1761 1238 1855 1300 ita
1912 1235 2166 1300 domum
2231 1238 2552 1315 instruxit,

354 1363 670 1408 cameram
747 1361 1063 1424 nusquam
1147 1340 1392 1405 aulaeis
1464 1340 1833 1404 distinctam
1909 1338 2103 1402 fuisse
2177 1338 2556 1403 credamus?

354 1446 705 1526 Tamquam
754 1444 809 1507 si
854 1443 1074 1520 bodie,
1131 1463 1274 1507 cum
1319 1441 1668 1515 audiveriS,
1716 1441 1781 1503 in
1830 1441 2007 1522 regia
2051 1440 2265 1523 aliqua
2310 1440 2555 1523 tapetia

353 1570 431 1612 ex
474 1547 707 1630 pannis
752 1545 1167 1608 Damascenis
1211 1544 1411 1622 facta,
1459 1549 1629 1607 tecta
1675 1549 1888 1606 autem
1937 1541 2226 1607 lacunari
2275 1563 2411 1607 esse
2456 1563 2555 1606 or·

354 1655 538 1724 nata,
596 1647 658 1710 id
709 1646 1083 1711 concludere
1129 1647 1397 1720 audeas,
1455 1646 1838 1728 ubicumque
1883 1643 1947 1708 in
1994 1643 2400 1708 conclavibus
2445 1664 2553 1726 pa-

353 1751 546 1815 rietes
592 1749 820 1831 pannis
863 1748 993 1811 sint
1036 1748 1329 1826 contecti,
1372 1747 1458 1812 ibi
1507 1768 1826 1830 cameram
1872 1766 1949 1809 ex
1995 1745 2308 1809 arundine
2352 1745 2556 1808 calce-

355 1871 477 1933 que
522 1849 754 1915 factam
802 1851 1060 1914 omnino
1103 1869 1239 1914 esse
1285 1869 1410 1912 non
1458 1869 1657 1932 posse.
1748 1846 2110 1912 Lacuna-ria
2152 1846 2221 1909 in
2253 1845 2387 1909 dies
2423 1866 2553 1910 ma·

352 1952 449 2033 gis
493 1953 732 2016 Romae
778 1952 1282 2035 percrebruisse‚
1356 1950 1575 2033 itaque
1634 1951 1887 2033 saepius
1944 1950 2137 2014 etiam
2206 1947 2438 2011 aulaea
2487 1948 2553 2011 in

351 2054 708 2137 parietibus
750 2074 893 2117 cum
941 2052 1349 2116 lacunaribus
1393 2053 1459 2115 in
1493 2073 1620 2116 uno
1650 2052 1938 2116 conclavi
1970 2050 2164 2115 fuisse
2197 2049 2555 2132 conjuncta,

352 2159 595 2220 certum
657 2160 791 2230 est;
861 2175 1010 2218 nam
1073 2175 1218 2218 cum
1279 2154 1685 2218 versatilibus
1727 2153 1966 2217 tabulis
2010 2152 2417 2216 coenationes
2463 2151 2556 2214 la-

352 2262 624 2339 queatae
668 2257 865 2320 miras
909 2256 1220 2341 quasdam
1265 2255 1561 2332 delicias,
1607 2254 2078 2319 oblectamenta
2124 2252 2557 2317 innumerabi-

353 2358 440 2423 lia
499 2358 726 2422 offerre
786 2359 1180 2441 coepissent,
1256 2358 1487 2423 aulaea
1542 2362 1723 2422 muta
1782 2357 2006 2422 cedere
2066 2361 2255 2420 erant
2310 2360 2553 2420 coacta.

265 2499 271 2506 ·
355 2463 571 2544 Neque
616 2461 736 2525 hoc
780 2461 1013 2525 mirum
1060 2458 1377 2524 videbitur
1421 2460 1531 2537 eis,
1578 2459 1690 2544 qui
1736 2460 1929 2523 etiam
1975 2458 2256 2542 parietes
2303 2458 2553 2522 cubicu-

352 2564 555 2654 lorum
601 2563 776 2626 cultu
823 2563 1163 2646 insignium
1214 2583 1359 2625 mox
1409 2582 1534 2627 non
1584 2561 1864 2645 amplius
1908 2559 2185 2637 aulaeis,
2231 2560 2340 2624 sed
2387 2580 2552 2624 mare-

354 2687 529 2730 more
600 2667 808 2749 potius
879 2664 1327 2746 lapidibusque
1396 2663 1885 2741 excellentibus,
1945 2664 2215 2746 picturis
2279 2662 2553 2745 denique

352 2774 610 2833 ornatos
670 2776 862 2849 atque
923 2768 1257 2831 distinctos
1313 2787 1450 2830 esse
1513 2766 1935 2830 meminerint.
2025 2765 2189 2829 Nam
2250 2786 2367 2829 nec
2410 2764 2553 2829 Sta-

353 2872 480 2934 tius
552 2891 670 2934 nec
746 2869 983 2932 Plinius
1042 2869 1104 2932 in
1169 2868 1600 2933 describendis
1660 2868 1826 2931 villis
1896 2866 2266 2931 aulaeorum
2314 2866 2555 2931 habent

354 2971 549 3036 ullam
596 2974 927 3035 rationem.
1020 2973 1106 3033 Ac
1152 2992 1232 3033 ne
1280 2971 1442 3034 forte
1489 2972 1632 3052 quis
1660 2969 1948 3045 miretur,
1994 2971 2112 3032 cur
2133 2974 2391 3050 praeter
2423 2968 2552 3032 Ho-

354 3075 501 3138 ratii
550 3073 789 3149 locum,
863 3075 1114 3158 duoque
1170 3074 1285 3139 illa
1345 3072 1587 3138 scholia
1635 3072 1765 3135 alia
1810 3071 2002 3154 hujus
2046 3070 2137 3134 rei
2184 3070 2553 3134 testimonia

354 3176 600 3254 desint,
677 3176 1046 3240 Philostrati
1090 3197 1457 3240 commoneo
1504 3174 1837 3248 verborum
1868 3224 1882 3251 ,
1958 3172 2066 3255 qui
2111 3172 2175 3235 in
2223 3170 2386 3236 libro
2425 3167 2551 3250 „vd

351 3272 445 3355 εἰς
486 3274 598 3342 τὸν
650 3277 897 3342 Τυανέα
932 3272 1430 3342 Ἀπολλώνιον(
1471 3284 1522 3352 1)
1571 3277 1729 3340 haec
1775 3276 2001 3341 habet:
2076 3266 2421 3353 „Seii-cmm
2478 3272 2551 3338 δὲ

352 3376 462 3445 καὶ
507 3374 829 3464 ἅνδρῶνες
858 3375 969 3443 καὶ
1001 3376 1192 3443 στοαὶ
1221 3375 1304 3443 τὰ
1346 3376 1466 3460 μὲν
1510 3373 1764 3464 ἀργύρῳ
1808 3374 1889 3441 τὰ
1933 3374 2005 3441 δὲ
2044 3377 2306 3459 χρυσοῖς
2333 3370 2550 3460 ὑφάσ-

352 3502 544 3561 μασι,
587 3479 671 3545 τὰ
715 3480 787 3545 δὲ
827 3484 1042 3566 χρυσᾴ
1086 3477 1263 3566 αὕτιῖ
1281 3530 1296 3560 ,
1360 3478 1671 3564 καθάπερ
1718 3481 1999 3565 γραφαῖς
2041 3470 2407 3563 ἠγλάϊσται.
2466 3474 2549 3539 τὰ

354 3581 426 3647 δὲ
471 3578 876 3663 ποικίλματα
921 3586 1053 3646 τῶν
1097 3582 1376 3647 πέπλων
1421 3580 1493 3645 ἐκ
1535 3585 1666 3645 τῶν
1704 3576 2091 3667 Ἑλληνικῶν
2137 3573 2367 3663 σφίσιν
2409 3572 2549 3663 ἥκει

354 3681 591 3768 λόγων,
626 3676 1051 3765 Ἀνδρομέὸαι
1096 3684 1268 3757 κτλ.,·
1330 3682 1517 3769 -φασὶ
1561 3682 1632 3748 δὲ
1674 3680 1784 3746 καὶ
1830 3677 2104 3765 α’νδρῶνι
2151 3677 2429 3760 ἐντυχεῖν
2472 3668 2547 3742 οὗ

352 3785 465 3849 τὸν
508 3778 749 3871 ὄροφον
793 3782 859 3861 ἐς
903 3782 1111 3850 θόλου
1153 3782 1436 3872 ἀνῆχθαι
1483 3790 1727 3872 σχῆμα,
1775 3778 2023 3869 οὐρανῷ
2065 3779 2195 3847 τινὶ
2239 3776 2546 3862 εἰκασμέ-

352 3912 488 3966 νον,
548 3883 948 3978 σαπφειρίνῃ
1006 3886 1078 3951 δὲ
1134 3882 1327 3951 αὐτὸν
1360 3885 1787 3973 ’κατηρέφθαι
1831 3881 2072 3971 λίθῳ.“
2159 3886 2386 3967 Itaque
2430 3903 2546 3947 an-

355 3991 622 4054 dronitis
681 3990 859 4053 tholo
918 3995 1016 4054 est
1073 3995 1398 4067 contecta,
1459 3990 1568 4072 qui
1613 3983 1863 4072 οὖρανῷ
1905 3987 2127 4051 similis
2170 3991 2283 4049 est.
2376 3987 2543 4048 Voce

498 4202 536 4269 ¹)
612 4200 652 4266 I,
689 4201 776 4266 25,
811 4201 880 4251 24
919 4215 970 4266 p.
1014 4199 1094 4250 15.
1135 4199 1200 4250 16
1238 4195 1327 4249 ed..
1366 4195 1595 4263 Kayser.
