2946 4740
1483 187 1562 247 34

417 369 683 434 Praeter
726 375 1283 434 monumentorum
1321 367 1690 433 testimonia
1723 367 2090 432 Ciceronem
2123 372 2170 446 ¹)
2217 366 2446 447 afferO,
2505 365 2619 449 qui

415 469 836 536 tabernacula
878 470 1203 540 carbaseis
1248 471 1515 536 intentis
1560 469 1717 534 velis
1748 476 2217 548 commemorat,
2263 469 2414 534 dum
2447 466 2621 549 apud

416 572 687 637 Paulum
733 580 840 651 (ex
886 573 1104 658 Festo)
1148 573 1450 639 scribitur
1508 571 1813 650 „umbrae
1857 571 2250 636 vocabantur
2293 571 2623 654 Neptuna-

411 674 580 741 libus
636 695 823 740 casae
866 674 1169 741 frondeae
1212 697 1329 760 pro
1371 672 1820 739 tabernaculis
1937 672 2164 754 Itaque
2206 671 2625 736 tabernacula
2711 718 2716 719 ff

414 775 605 841 modo
650 775 808 841 velis
850 775 1093 859 linteis,
1136 777 1325 842 modo
1368 774 1705 841 frondibus
1751 773 1925 839 facta
1971 780 2139 839 sunt.
2244 773 2627 857 Neptunali-

416 877 564 955 bus,
628 877 694 941 in
758 877 988 961 quibus
1045 877 1181 944 ludi
1239 878 1324 943 ad
1368 877 1647 942 Tiberim
1704 897 1901 962 prope
1948 874 2195 940 Ostiam
2248 875 2626 955 edebantur,

418 978 683 1044 umbrae
746 978 1080 1046 frondibus
1136 980 1344 1046 factae
1386 979 1545 1044 velis
1588 978 1859 1046 fortasse
1900 978 2228 1044 densiores
2269 977 2628 1042 reddeban-

414 1085 541 1157 tur,
585 1085 661 1145 ut
699 1102 961 1165 vespere
1005 1088 1072 1146 et
1101 1088 1295 1146 noctu
1325 1080 1819 1146 defenderentur
1848 1086 2053 1146 vento.
2143 1080 2347 1146 Simili
2377 1082 2628 1145 ratione
2721 1092 2730 1099 '

414 1178 695 1264 καλύβαι
738 1183 1344 1267 apudAthenaeum
1389 1189 1539 1248 sunt
1585 1182 1824 1263 factae3
1870 1189 2095 1247 narrat
2124 1183 2295 1247 enim
2325 1182 2405 1247 de
2435 1182 2630 1246 Etru-

420 1285 577 1349 scis:
623 1276 1167 1370 οῗφροδισιάζουσι
1211 1283 1284 1350 δὲ
1328 1281 1440 1349 καὶ
1486 1289 1833 1350 ποιοῦνται
1875 1281 1994 1361 τὰς
2037 1279 2382 1360 συνουσίας
2410 1280 2473 1348 οἶ
2504 1282 2628 1367 μὲν

416 1381 692 1471 ὁρῶντες
744 1378 1063 1472 α’λλήλους
1120 1383 1228 1452 ὅτε
1290 1386 1363 1452 δὲ
1405 1384 1490 1453 τὰ
1533 1383 1752 1451 πολλὰ
1794 1382 2079 1469 καλύβας
2120 1382 2630 1470 περιβάλλοντες

416 1484 572 1570 περὶ
613 1483 733 1564 τὰς
774 1484 1024 1568 κλίνας,
1074 1489 1546 1576 περιβέβληται
1590 1489 1663 1555 δὲ
1706 1482 1965 1553 ἷίνωθεν
2009 1483 2258 1569 ἱμάτια.

590 1614 765 1681 Velis
823 1615 1239 1681 solis·utitur
1293 1617 1600 1699 juventus
1660 1616 1901 1679 rustica
1956 1616 2128 1698 apud
2174 1615 2496 1681 Tibullum
2543 1617 2628 1695 ΙΙ,

420 1722 457 1781 5
527 1722 650 1782 97:

464 1767 481 1798 ’
675 1818 898 1900 „Tunc
940 1823 1207 1902 operata
1251 1818 1370 1885 deo
1413 1818 1615 1903 pubes
1659 1819 2015 1884 discumbet
2056 1819 2125 1883 in
2170 1819 2367 1885 herba
2411 1812 2434 1823 “

682 1920 944 1985 Arboris
989 1921 1295 2004 antiquae
1339 1941 1467 2004 qua
1510 1921 1665 1984 levis
1709 1920 1939 1986 umbra
1980 1920 2157 1985 cadit

683 2026 812 2086 Aut
856 2042 890 2085 e
935 2028 1109 2086 veste
1153 2043 1271 2087 sua
1314 2022 1583 2087 tendent
1626 2022 2003 2087 umbracula
2044 2025 2231 2087 sertis

684 2125 935 2203 Vincta,
983 2130 1324 2188 coronatus
1365 2124 1564 2190 stabit
1606 2130 1671 2188 et
1712 2131 1865 2189 ante
1887 2125 2117 2188 calix“.

598 2254 853 2338 Optime
900 2252 1187 2317 illustrat
1231 2251 1401 2316 hunc
1430 2252 1668 2318 Tibulli
1712 2253 1923 2316 locum
1966 2253 2160 2336 longa
2203 2255 2397 2318 series
2430 2253 2629 2337 pictu-

432 2377 649 2421 rarum
710 2354 882 2439 apud
930 2353 1294 2437 Helbigium
1341 2377 1388 2419 e.
1422 2377 1486 2419 n.
1532 2360 1676 2420 757.
1725 2360 1868 2421 760.
1918 2359 2254 2420 766-768
2287 2357 2630 2440 descripta-

428 2464 570 2523 rum
615 2456 724 2537 (cf.
758 2456 1069 2520 Zahnium
1117 2456 1234 2535 III,
1281 2463 1381 2534 51,
1429 2461 1528 2533 52,
1577 2462 1677 2537 31,
1722 2463 1824 2537 41,
1870 2463 2001 2535 43),
2046 2476 2210 2539 quae
2246 2461 2533 2523 Amorem
2565 2464 2632 2519 et

430 2559 821 2643 Psycharum
878 2577 1134 2639 gregem
1192 2559 1562 2642 epulantem
1618 2560 1718 2623 vel
1765 2561 1893 2625 tale
1936 2561 2086 2643 quid
2136 2568 2427 2643 agentem
2475 2559 2635 2624 cele·

430 2664 643 2727 brant.
747 2660 935 2725 Circa
992 2679 1249 2724 mensas
1307 2660 1542 2726 virides
1599 2662 2001 2744 hemicyclias
2060 2663 2284 2727 sedent
2324 2669 2491 2727 tecto
2536 2662 2636 2725 usi

433 2763 588 2828 velis
631 2783 826 2846 supra
869 2764 1145 2846 perticas
1173 2764 1399 2840 tensis,
1444 2764 1543 2827 vel
1573 2785 1715 2827 cum
1747 2765 2081 2830 arboribus
2104 2764 2360 2847 junctis.
2417 2762 2635 2825 Etiam

433 2864 686 2929 fabulas
731 2863 907 2943 dant,
951 2864 1067 2927 tali
1110 2865 1298 2929 modo
1343 2886 1531 2929 scena
1561 2866 1876 2930 instructa
1903 2866 2009 2951 (cf.
2036 2865 2344 2930 Zahnium
2367 2864 2638 2946 111,53).

437 2966 613 3030 Haec
667 2965 861 3047 igitur
914 2986 1064 3028 vero
1109 2966 1404 3048 vitaeque
1449 2968 1571 3051 ipsi
1616 2967 1941 3032 simillima
1986 2988 2122 3032 esse
2165 2966 2402 3031 Tibulli
2445 2965 2641 3029 verba

439 3067 896 3132 demonstrant.
1003 3064 1305 3131 Convivia
1364 3074 1429 3131 et
1472 3070 1789 3152 symposia
1833 3069 1948 3134 sub
1995 3069 2139 3135 divo
2183 3068 2427 3151 levique
2475 3066 2641 3131 velo·

441 3190 584 3233 rum
629 3175 798 3233 tecto
855 3188 985 3232 non
1030 3168 1217 3232 modo
1262 3172 1430 3248 ruri,
1475 3171 1587 3235 sed
1633 3171 1827 3235 simili
1870 3173 2058 3237 modo
2100 3172 2168 3235 in
2215 3171 2484 3234 divitum
2528 3170 2644 3233 vil-

443 3273 522 3334 lis
579 3270 834 3352 saepius
897 3289 1089 3350 quam
1166 3280 1426 3355 putares
1493 3272 1804 3337 celebrari
1869 3274 2175 3339 solebant.
2293 3267 2643 3335 Umbracu·

436 3373 605 3450 lum,
681 3371 852 3453 quod
904 3371 1236 3437 frondibus
1293 3381 1359 3438 et
1415 3372 1571 3437 velis
1624 3376 1941 3458 suspensis
1993 3374 2287 3451 efficitur,
2354 3373 2531 3437 vides
2576 3374 2641 3436 in

447 3473 807 3556 anaglyptis
851 3472 1023 3556 apud
1061 3474 1472 3540 Wieselerum
1519 3476 1593 3538 D.
1620 3476 1680 3539 d.
1713 3496 1770 3539 a.
1820 3477 1895 3539 Κ.
1944 3478 2026 3540 ΙΙ.
2074 3472 2172 3555 68,
2220 3479 2365 3552 857,
2407 3474 2474 3537 in
2507 3474 2644 3556 qui-

446 3578 563 3640 bus
624 3573 874 3639 Hadem
931 3580 997 3638 et
1052 3575 1498 3660 Persephonen
1544 3598 1717 3642 more
1762 3579 2027 3659 antiquo
2072 3584 2221 3641 ante
2268 3578 2509 3659 regiam
2552 3596 2648 3639 se-

449 3678 672 3742 dentes
713 3676 866 3740 fecit
907 3675 1158 3741 artifex.
1247 3679 1448 3762 Regia
1491 3680 1631 3763 ipsa
1676 3680 1918 3744 foribus
1963 3688 2061 3745 est
2090 3679 2466 3761 significata.
2529 3677 2650 3740 Dei

448 3781 516 3843 in
559 3777 788 3842 umbra
829 3778 1070 3857 sedent,
1117 3801 1281 3862 quae
1325 3782 1481 3844 velis
1524 3783 1615 3875 in·
1640 3781 1887 3845 arboris
1928 3783 2126 3845 ramis
2168 3782 2313 3844 fixis
2342 3769 2645 3845 efficitur.

452 3878 784 3961 Ejusmodi
827 3887 999 3943 tecta
1043 3902 1120 3944 ex
1165 3890 1449 3965 tempore
1494 3884 1807 3960 construi,
1852 3888 2331 3947 monumentum
2365 3883 2480 3945 hoc
2511 3881 2649 3964 pul-

450 3983 760 4047 cherrime
805 3983 1006 4047 docet.
1099 3982 1258 4048 Ecce
1303 3986 1503 4064 enim,
1561 4005 1708 4067 pars
1764 3985 1886 4048 veli
1933 4004 2097 4065 quae
2142 3987 2388 4064 tergum
2434 3971 2651 4047 tuetur

458 4105 661 4113 ——--——.-

602 4156 641 4222 ι)
679 4153 837 4205 verr.
878 4153 943 4205 11.
981 4156 1030 4217 5,
1072 4126 1152 4206 12.
