2946 4740
1456 251 1545 315 44

409 441 578 527 pita,
643 440 798 506 item
840 439 909 504 in
949 435 1454 504 intercolumniis
1495 435 1625 500 illis
1643 484 1658 515 ,
1720 434 2104 500 lineamenta
2147 434 2320 499 vides
2363 435 2595 501 similia

406 543 516 623 iis,
560 559 726 626 quae
770 540 960 608 modo
1002 537 1417 623 contemplati
1456 557 1693 602 sumus.
1781 535 2129 602 Schoenius
2157 537 2237 602 de
2266 537 2418 603 hoo:
2469 539 2595 618 „Le

408 643 705 723 colonne,
764 642 1009 727 inquit,
1067 641 1396 726 disegnate
1452 637 1558 703 nel
1614 637 1807 703 fonde
1854 637 1959 704 del
2002 637 2248 722 quadro
2292 658 2598 705 aocenne-

406 763 568 811 rano
612 743 729 809 ohe
772 742 840 808 la
882 762 1073 808 scena
1114 741 1349 808 aoeade
1391 740 1490 805 sia
1534 740 1659 806 nel‘
1704 741 1955 806 interno
1998 739 2148 805 d’un
2180 739 2453 825 palazzo,
2500 742 2597 807 sia
2663 798 2668 803 „

406 845 576 910 nelle
621 864 740 910 sua
783 844 1139 921 vicinanza;
1186 842 1411 926 giache
1451 843 1500 906 il
1544 840 1789 907 cavallo
1832 861 1959 906 non
2004 861 2131 926 puo
2160 841 2594 925 immaginarsi

408 947 645 1012 esservi
684 948 944 1011 entrato
985 942 1242 1030 proprio
1285 943 1433 1009 nell’
1478 945 1747 1010 interno,
1843 942 1933 1008 Le
1977 942 2143 1007 linee
2186 943 2596 1028 ondeggianti

406 1048 524 1114 ohe
577 1049 634 1114 si
682 1046 924 1112 vidone
979 1044 1151 1112 nelle
1212 1046 1424 1129 spazio
1478 1065 1677 1112 vacuo
1733 1043 1919 1110 tralle
1962 1050 2124 1108 teste
2167 1043 2333 1109 delle
2376 1045 2593 1130 figure,

405 1169 805 1227 accennan0‚
864 1169 933 1214 se
988 1168 1118 1213 non
1176 1147 1530 1230 m’iganno‚
1590 1148 1816 1214 alcone
1857 1147 2061 1213 bende
2107 1167 2359 1231 sospese
2402 1153 2506 1214 tra
2531 1150 2589 1216 le

405 1252 704 1330 coloniae,
763 1249 1009 1317 benche
1061 1270 1199 1315 esse
1243 1250 1305 1314 si·
1339 1251 1590 1315 trovino
1634 1271 1792 1333 pure
1835 1249 2039 1314 vicino
2083 1249 2210 1315 alle
2253 1256 2482 1332 quatro
2524 1254 2593 1314 fi-

405 1374 562 1439 gure
615 1352 896 1439 (puellae
956 1357 1024 1418 et
1075 1352 1368 1435 juvenes)
1413 1389 1498 1399 —-
1556 1351 1863 1417 senzaehe
1906 1352 1968 1416 vi
2028 1351 2210 1417 siano
2268 1353 2593 1438 disegnate

403 1456 736 1523 colonne“.
821 1454 968 1520 Non
1011 1453 1285 1518 multum
1329 1453 1513 1519 abest
1553 1454 1652 1518 vir
1694 1454 2098 1538 doctissimus
2144 1476 2183 1520 a
2228 1475 2407 1538 vern,
2471 1457 2594 1522 etsi

407 1557 688 1640 „bende“
737 1554 1130 1641 („Binden“)
1185 1575 1310 1620 non
1366 1561 1611 1620 rectum
1657 1576 1793 1621 esse
1834 1563 2119 1641 apparet.
2226 1559 2386 1626 Vela
2429 1580 2593 1645 quae

399 1659 716 1745 porticum
762 1660 1062 1741 opacent,
1105 1657 1540 1738 cognoscenda
1583 1678 1720 1722 esse
1762 1664 2031 1724 constat.
2121 1660 2353 1726 Cetera
2379 1669 2592 1728 autem

403 1762 544 1827 vela
584 1762 754 1826 inter
795 1758 1010 1842 capita
1048 1763 1326 1841 quatuor
1364 1773 1777 1845 personarum
1821 1760 2195 1828 umbracula
2238 1763 2595 1847 significare

402 1864 718 1928 videntur.

565 2055 792 2109 Partem
841 2054 1007 2125 hujus
1055 2056 1409 2124 quaestiones
1456 2056 1718 2110 alteram:
1785 2057 1974 2113 Ueber
2011 2058 2122 2113 den
2158 2059 2453 2120 Gebrauch
2491 2063 2592 2118 dei·

405 2143 603 2197 aulaea
637 2141 754 2196 und
791 2142 918 2197 vela
954 2141 1031 2196 im
1071 2142 1267 2198 Leben
1302 2143 1418 2197 und
1459 2143 1565 2197 der
1598 2143 1782 2198 Kunst
1817 2145 1922 2199 der
1945 2147 2109 2200 Alten
2150 2148 2318 2217 („den
2343 2148 2591 2221 Tempel‚

405 2229 498 2283 die
547 2228 1006 2284 Oeffentlichkeit
1050 2229 1180 2300 [und
1231 2230 1330 2285 das
1384 2229 1629 2285 Theater
1674 2231 2050 2303 betreffend“)
2098 2234 2157 2288 in
2215 2235 2608 2294 Miscellaneis'

317 2327 323 2339 ·
403 2315 700 2388 philologis
741 2316 1115 2387 „Festschrift
1144 2317 1242 2373 des
1267 2318 1713 2396 philologisehen
1740 2319 1973 2375 Vereins
2002 2339 2068 2375 zu
2097 2322 2401 2394 Gottingen
2431 2326 2599 2379 1876⁴‘

403 2405 654 2459 invenies
694 2404 907 2460 eisdem
947 2405 1098 2476 typis
1137 2422 1481 2476 expressam.
