2946 4740
1370 305 1447 364 41

267 508 273 513 '
317 498 414 559 est
472 496 794 565 ornatum;
867 493 1063 571 caput
1117 486 1357 551 bestiae
1414 485 1744 569 cujusdam
1804 488 2059 569 praeter
2112 483 2250 547 vela
2306 483 2499 548 etiam

319 594 516 679 pelles
573 591 893 658 adhibitas
956 609 1093 654 esse
1149 588 1427 653 ostendit
1478 589 1545 651 in
1622 585 2008 675 exstruendo
2065 585 2499 651 tabernaculo.

319 696 458 763 Huc
498 715 700 778 usque
745 691 975 757 artifex
1026 710 1244 754 verum
1291 696 1354 754 et
1399 691 1597 753 vitam
1639 686 2026 753 cotidianam
2077 687 2363 753 imitatus
2406 693 2503 752 est

317 800 377 862 in
443 795 759 882 parergis!
848 788 1287 857 Tabernacula
1338 790 1605 856 Achillis
1669 790 1731 854 in
1795 789 2223 855 monumentis
2247 839 2262 867 ,
2336 809 2500 872 quae

317 897 622 963 Briseidis
662 901 915 978 raptum
961 892 1057 958 vel
1100 892 1337 957 Priami
1382 893 1726 957 adventum
1783 891 2139 969 celebrant,
2206 891 2502 956 solidiore

315 999 588 1064 materia
629 997 969 1062 aedificata
1011 1016 1146 1060 esse
1191 994 1415 1061 solent.
1506 994 1886 1078 Plerumque
1940 994 2148 1076 lignea
2192 1003 2373 1072 sunt,
2434 993 2498 1058 in

313 1101 522 1165 fronte
588 1097 900 1164 columnis
965 1096 1248 1162 subfulta
1311 1096 1590 1178 velisque
1655 1100 1882 1161 ornata
1963 1095 2073 1179 (cf.
2132 1096 2503 1178 Inghiramii

314 1200 451 1266 Gal.
500 1200 710 1264 Omer.
755 1199 885 1265 tab.
921 1201 1063 1263 233.
1112 1203 1212 1264 30.
1261 1202 1373 1275 33;
1441 1197 1605 1263 Mus.
1649 1198 1837 1263 Borb.
1885 1198 1967 1276 II,
2012 1202 2094 1262 58
2133 1231 2201 1257 =
2236 1198 2503 1265 Ternitii

315 1301 686 1385 Wandgem.
734 1301 873 1380 VII,
921 1306 955 1364 7
970 1322 986 1377 ;
1065 1300 1138 1365 R.
1184 1299 1473 1364 Rochetii
1519 1300 1602 1363 M.
1649 1301 1706 1364 J.
1752 1300 1883 1365 tab.
1926 1305 2050 1381 19).
2138 1301 2315 1379 Quae
2360 1302 2503 1366 vela

312 1405 625 1471 subducta
668 1403 805 1468 loco
850 1403 1064 1485 quarti
1106 1401 1368 1486 parietis
1397 1408 1579 1482 sunt;
1624 1403 1867 1466 namin
1902 1402 2194 1467 columna
2223 1402 2502 1484 Trajana

311 1507 525 1573 omnia
567 1502 984 1570 tabernacula
1026 1502 1145 1568 hoc
1192 1504 1377 1571 modo
1433 1508 1797 1569 constructa
1842 1504 2156 1583 videmus,
2220 1505 2299 1570 cf.
2346 1506 2501 1569 Bar-

308 1610 445 1674 tolii
525 1608 595 1673 C.
638 1606 747 1671 Tr.
788 1606 915 1669 tab.
949 1611 1006 1684 7,
1053 1610 1131 1669 97
1178 1613 1295 1671 etc.
1354 1618 1445 1654 -’
1535 1605 1696 1670 Cum
1737 1604 2032 1670 ‘Achillis'
2093 1605 2499 1673 tabernaculo

310 1710 485 1793 regio
542 1709 605 1773 in
653 1709 919 1793 picturis
960 1707 1086 1772 illis
1143 1706 1431 1772 conferas
1475 1707 1820 1772 tentorium
1865 1707 2017 1789 Cy‘ri
2061 1708 2228 1791 regis
2271 1709 2499 1774 barba·

307 1832 526 1876 rorum
568 1812 637 1875 in
679 1811 931 1894 pictura
972 1809 1399 1888 celeberrima,
1444 1830 1634 1893 quam
1683 1808 1856 1873 vides
1900 1810 1963 1873 in
2011 1809 2198 1874 Arch.
2232 1811 2499 1893 Zeitung

315 1911 683 1991 1866‚·tab.
722 1916 864 1977 205.
953 1910 1323 1976 Tentorium
1384 1912 1540 1976 velis
1595 1911 1658 1975 in
1728 1911 1868 1976 coni
1912 1911 2176 1976 formam
2223 1915 2499 1978 extensis

307 2014 592 2095 efficitur;
636 2016 738 2079 cui
781 2013 1036 2097 adjacet
1076 2012 1270 2091 aliud,
1318 2012 1491 2096 quod
1520 2032 1903 2095 gynaeceum
1947 2012 2215 2079 fortasse
2246 2020 2343 2078 est
2387 2015 2493 2099 (cf.

305 2116 592 2201 Xenoph.
627 2116 855 2199 Cyrop.
900 2116 939 2179 l.
974 2115 1065 2184 1.).
1154 2113 1378 2178 Totum
1425 2113 1638 2198 amplo
1683 2135 1863 2179 muro
1892 2112 2099 2196 ligneo
2130 2116 2494 2182 conclusum

304 2223 417 2282 est.
501 2219 642 2283 Non
690 2218 822 2281 sine
867 2214 1128 2282 consilio
1173 2213 1479 2280 artificem
1527 2217 1623 2281 ita
1666 2216 1866 2298 egisse
1909 2216 2127 2296 credo,
2174 2223 2246 2282 ut
2290 2239 2496 2284 mores

308 2320 617 2386 barbaros
659 2319 1047 2403 depingeret.

432 2423 579 2488 Jam
608 2442 756 2487 vero
786 2441 1184 2504 quaeramus,
1209 2420 1523 2503 quomodo
1545 2440 1838 2485 vasorum
1873 2420 2164 2505 pictoreS,
2188 2443 2306 2487 usu
2332 2424 2497 2490 velo-

308 2544 447 2588 rum
480 2524 754 2588 maxime
798 2522 1204 2600 abstinentes,
1250 2543 1383 2587 rem
1428 2524 1755 2605 gesserint.
1849 2521 1988 2587 Duo
2035 2532 2187 2589 sunt
2229 2545 2497 2591 comme-

306 2625 620 2691 moranda
677 2644 856 2688 vasa:
930 2623 1258 2706 Amphora
1315 2623 1669 2703 Canusina,
1736 2644 1901 2707 quae
1956 2624 2142 2690 ludos
2199 2627 2497 2694 funebres

306 2725 581 2792 Patrocli
625 2726 692 2789 in
735 2724 1007 2789 honores
1026 2731 1077 2804 ²)
1121 2731 1187 2790 et
1228 2726 1394 2791 calix
1437 2726 1787 2810 quaedam,
1847 2747 2011 2811 quae
2057 2728 2359 2794 Briseidis
2402 2730 2495 2794 fa·

305 2827 517 2893 bulam
580 2832 1036 2911 repraesentat.
1128 2827 1198 2891 In
1243 2827 1555 2913 amphora
1600 2828 1922 2895 Canusina
1977 2851 2174 2915 supra
2217 2831 2494 2897 Patrocli

310 2947 526 3011 rogum
570 2929 804 2993 lectum
849 2928 1302 3013 conspicimus,
1375 2934 1439 2994 in
1488 2951 1612 3013 quo
1658 2930 2038 2998 Phoenicem
2082 2938 2357 2999 veterem
2394 2934 2494 3018 ja-

307 3047 446 3095 cere
492 3029 905 3095 Minervinius
960 3030 1115 3094 dicit
1158 3051 1299 3094 cum
1345 3030 1610 3096 Nestore
1654 3032 2141 3117 colloquentem.
2230 3036 2495 3103 Adolfus

308 3129 632 3197 Michaelis
650 3137 703 3211 θ)
791 3130 1025 3196 lectum
1111 3132 1228 3197 sub
1304 3134 1582 3198 tentorio
1665 3135 1942 3219 positum
2014 3157 2151 3203 esse
2215 3139 2493 3221 judicat3

301 3231 568 3298 Achillis
609 3253 743 3297 esse
787 3232 1154 3311 tentorium,
1200 3233 1266 3297 in
1296 3255 1422 3318 quo
1448 3235 1729 3302 Phoenix
1759 3245 2088 3304 remaneat
2117 3239 2265 3303 dum
2302 3242 2493 3307 ceteri

302 3334 506 3398 nuntii
553 3334 636 3399 ad
667 3333 976 3399 Achillem
1022 3335 1197 3399 missi
1240 3337 1550 3401 redierint
1600 3338 1705 3422 (11.
1755 3340 1803 3403 I.
1851 3344 2022 3418 617).
2112 3342 2277 3407 Num
2324 3352 2493 3409 recte

300 3434 455 3500 haec
497 3436 828 3520 disputata
868 3438 1000 3503 sint
1043 3437 1397 3521 dijudicare
1437 3439 1663 3518 nolim;
1732 3439 1850 3503 hoc
1892 3440 2051 3521 dico,
2095 3443 2175 3507 de
2219 3447 2493 3512 tentorio

295 3535 409 3601 illo
453 3556 591 3601 esse
632 3538 1070 3606 dubitandum.
1159 3541 1324 3607 Nam
1353 3540 1449 3606 ita
1482 3545 1580 3605 est
1608 3548 2076 3609 constructum:
2125 3546 2294 3611 inter
2325 3568 2493 3612 sum-

301 3657 438 3700 mas
482 3644 759 3719 quatuor
800 3644 1076 3722 perticas
1134 3649 1381 3709 erectas
1434 3641 1645 3707 velum
1703 3648 1803 3708 est
1864 3652 2191 3711 extensum
2251 3649 2364 3726 ita,
2422 3655 2495 3713 ut

298 3738 578 3820 perticae
633 3759 832 3824 prope
890 3740 1034 3805 lecti
1089 3744 1282 3826 pedes
1339 3746 1587 3830 positae
1647 3746 1796 3811 sint.
1885 3747 1959 3811 In
2019 3747 2139 3813 hac
2184 3749 2494 3833 amphora

298 3843 429 3901 tam
471 3838 746 3923 superba
787 3847 854 3905 et
895 3842 1171 3924 eleganti
1210 3845 1331 3911 hoc
1376 3847 1564 3912 modo
1595 3850 1939 3913 tentorium
1972 3868 2108 3914 esse
2138 3850 2488 3917 indicatum

294 3938 551 4006 minime
597 3941 806 4007 credo,
895 3942 1057 4008 Nam
1101 3966 1228 4012 non
1260 3946 1523 4013 levitate
1552 3955 1619 4015 et
1648 3950 1989 4015 securitate
2020 3949 2251 4017 ductus
2286 3953 2493 4036 pictor

433 4180 471 4246 ¹)
506 4179 655 4236 Mon.
693 4181 845 4238 Ined.
887 4187 1038 4249 1871,
1084 4186 1179 4252 IX,
1214 4185 1327 4239 tab.
1366 4187 1451 4238 32.
1488 4188 1577 4244 33.

429 4266 470 4335 ²)
507 4268 649 4321 Ann.
684 4268 793 4323 del’
831 4270 964 4324 Inst.
1005 4271 1157 4340 1871,
1192 4290 1250 4342 p.
1277 4274 1395 4327 183.
