2946 4740
1369 272 1441 331 17

314 459 430 540 τῆς
489 446 742 540 αὐλαίᾳ.
850 454 943 518 Α6
996 453 1232 518 similia
1289 472 1329 516 a
1388 452 1610 518 Curtio
1668 460 2012 519 narrantur
2068 455 2270 534 (VIII.
2320 461 2377 536 5,
2424 461 2498 520 21

319 557 456 640 [20,
502 559 668 638 21]),
728 554 1164 620 Alexandrum
1208 575 1350 618 cum
1394 559 1541 638 post
1584 554 1810 620 aulaea
1853 562 2054 622 staret
2099 579 2261 641 quae
2306 557 2506 624 lectos

320 657 701 736 obduxerat,
745 659 1153 722 convivarum
1194 677 1515 722 sermones
1559 657 1930 740 captavisse.
2023 658 2120 721 Ex
2163 660 2262 724 his
2305 662 2507 726 omni—

318 759 433 825 bus
473 780 638 842 quae
683 758 920 843 protuli
962 759 1342 825 testimoniis
1385 759 1452 824 id
1497 759 1787 824 concludi
1816 764 2048 844 potest,
2091 762 2285 827 moris
2313 762 2506 828 fuisse

314 860 380 925 in
423 867 604 945 tergo
649 861 1053 927 convivarum
1112 861 1359 941 aulaea⁸
1384 860 1771 946 suspendere
1816 867 1931 926 aut
1971 865 2139 927 inter
2180 863 2507 929 columnas

312 983 547 1047 pansa,
610 969 725 1027 aut
785 964 846 1026 in
905 963 1251 1046 parietibus
1294 963 1451 1042 fixa,
1514 969 1628 1027 aut
1671 963 1943 1047 denique
1985 964 2049 1027 in
2094 966 2350 1030 modum
2395 987 2502 1050 pa-

311 1066 547 1130 rietum
612 1064 990 1148 plicatilium
1077 1065 1421 1144 collocata,
1516 1065 1626 1149 qui
1699 1066 1866 1148 apud
1943 1087 2056 1132 nos
2132 1067 2504 1151 „spanische

313 1167 600 1231 W’ande“
650 1167 1050 1252 appellantur
1095 1167 1202 1249 (cf.
1249 1168 1443 1232 etiam
1490 1167 1694 1232 Curtii
1737 1168 1779 1231 1.
1820 1169 1931 1233 ΙΧ.
1981 1174 2039 1245 7,
2079 1173 2151 1232 15
2187 1169 2501 1255 [28,25]).

316 1268 456 1333 Hac
498 1291 568 1333 re
611 1291 751 1334 cum
794 1268 1242 1354 prohiberetur
1285 1290 1364 1333 ne
1395 1270 1567 1334 venti
1597 1276 1841 1336 meatus
1874 1271 2152 1336 convivis
2181 1271 2507 1356 calefactis

315 1378 595 1450 noceret,
640 1392 1084 1455 sermonesque
1133 1372 1407 1455 undique
1452 1372 1894 1455 exciperentur
1937 1394 1977 1438 a
2020 1373 2264 1457 pueriS,
2322 1373 2502 1440 soda-

314 1472 512 1538 litatis
554 1475 747 1539 etiam
792 1474 1193 1558 augebantur
1231 1474 1688 1556 jucunditates,

480 1576 819 1661 Reliquum
861 1583 959 1641 est
1001 1582 1076 1642 ut
1119 1576 1363 1641 animos
1404 1581 1728 1642 vertamus
1770 1576 1854 1641 ad
1898 1584 2310 1643 monumenta
2338 1600 2502 1662 quae

312 1676 508 1754 11666,
554 1678 632 1743 de
660 1700 786 1761 quo
817 1679 1024 1744 adhuc
1055 1678 1494 1757 disseruimus,
1540 1679 1909 1763 aulaeorum
1939 1701 2123 1760 usum
2152 1681 2501 1746 illustrant.

308 1778 454 1844 Jam
517 1780 594 1843 de
637 1780 882 1864 aliquot
924 1782 1189 1865 picturis
1232 1781 1471 1846 dictum
1518 1787 1633 1846 est.
1738 1781 1913 1859 Quae
1958 1802 2148 1866 super
2190 1790 2367 1863 6661,
2426 1805 2504 1849 66

312 1880 396 1945 6(1
439 1883 928 1968 anaglyptorum
982 1884 1292 1967 imprimis
1335 1904 1536 1966 genus
1579 1883 1922 1968 pertinent.
2025 1888 2237 1969 Atque
2281 1887 2359 1952 de
2403 1887 2503 1951 his

310 1984 672 2069 Bottigerus
704 1990 786 2064 ¹),
840 1993 915 2051 ut
962 2007 1039 2052 ex
1082 1986 1336 2066 multis,
1390 1987 1502 2069 qui
1543 1986 1712 2051 idem
1759 1988 2073 2067 sentiunt,
2126 2009 2322 2053 unum
2366 1988 2501 2054 lau-

311 2085 482 2164 dem,
541 2087 852 2170 judicium
893 2089 1137 2173 profert
1181 2089 1352 2172 quod
1395 2109 1539 2152 mea
1583 2088 1840 2171 quidem
1883 2091 2201 2154 sententia
2243 2092 2501 2156 minime

308 2188 704 2271 probandum
765 2196 882 2254 est.
999 2190 1170 2255 Dicit
1226 2192 1389 2256 enim
1450 2191 1529 2255 de
1573 2211 1650 2255 66
1693 2196 1975 2256 veterum
2020 2193 2299 2272 ratione,
2374 2213 2503 2277 qua

309 2291 450 2354 loca
495 2297 688 2376 atque
732 2298 1018 2378 tempora
1060 2314 1174 2378 per
1216 2302 1418 2359 artem
1450 2292 1859 2376 symbolicam
1890 2293 2114 2357 leviter
2144 2293 2500 2379 significare

309 2393 527 2458 solent.
634 2398 931 2461 Animum
976 2418 1193 2463 eorum
1237 2398 1319 2462 ad
1365 2416 1499 2460 rem
1542 2396 1746 2479 ipsam
1794 2417 2162 2462 conversum
2207 2397 2322 2462 illa
2365 2398 2502 2482 pla-

307 2496 449 2561 nius
507 2497 789 2563 indicare
849 2505 1248 2565 contemnere
1321 2505 1386 2563 et
1442 2498 1755 2582 ejusmodi
1825 2518 2099 2582 parerga
2163 2499 2496 2584 negligere.

307 2598 485 2662 Sicut
525 2601 591 2663 in
635 2602 911 2684 pictura,
969 2623 1132 2685 (11166
1178 2603 1441 2687 nuptiae
1484 2600 2006 2666 Aldobrandinae
2053 2605 2340 2679 vocatur,
2387 2624 2500 2687 pa-

306 2701 431 2765 ries
471 2702 538 2765 in
584 2707 715 2767 tres
757 2711 972 2786 partes
1015 2705 1254 2769 divisus
1298 2705 1505 2769 locum
1554 2704 1870 2787 triplicem
1910 2701 2248 2786 significet,
2294 2704 2388 2769 ita
2430 2708 2494 2771 in

304 2802 448 2867 aliis
492 2804 803 2887 ejusmodi
845 2806 1048 2871 scenis
1092 2807 1201 2872 ubi
1246 2807 1595 2884 1116161666,
1641 2805 1738 2870 vel
1768 2805 2061 2870 conclave
2091 2805 2358 2870 indicari
2391 2808 2498 2872 de-

308 2903 483 2983 beat,
527 2906 828 2972 facillime
873 2908 992 2973 hoc
1037 2909 1191 2974 velis
1236 2908 1555 2993 suspensis
1586 2886 1953 2990 significari,
2000 2907 2274 2991 exempli
2303 2930 2499 2976 causa

274 3004 372 3070 16
432 3008 787 3093 anaglyptis
845 3029 1008 3091 quae
1054 3011 1316 3076 Medeae
1376 3011 1658 3076 fabulam
1703 3008 2050 3075 illustrant.
2158 3009 2303 3075 Jam
2346 3015 2495 3077 vero

305 3110 559 3174 etiamsi
601 3110 999 3193 Boettigerus
1062 3113 1421 3178 accuratius
1466 3133 1658 3195 quam
1703 3112 1898 3177 ceteri
1940 3133 2191 3192 omnes,
2252 3114 2495 3179 6616616

303 3212 665 3277 cubiculum
708 3221 951 3277 certum
994 3214 1314 3297 depictum
1357 3235 1492 3278 6666
1524 3215 1817 3296 cognovit
1846 3220 2057 3278 tamen
2089 3216 2155 3278 in
2186 3235 2280 3295 6ο,
2325 3218 2495 3299 quod

302 3314 473 3380 hunc
516 3313 914 3399 significandi
958 3337 1141 3381 usum
1186 3316 1598 3399 symbolicum
1644 3337 1779 3381 esse
1810 3322 2020 3397 16166,
2068 3338 2211 3381 6616
2242 3338 2317 3383 66
2348 3339 2494 3383 con-

306 3421 492 3498 parat
534 3416 814 3497 ratione‚
867 3438 998 3501 qua
1043 3417 1107 3482 in
1153 3418 1392 3502 nuptiis
1422 3417 1920 3484 Aldobrandinis
1961 3419 2299 3502 pingendis
2342 3442 2494 3485 usus

304 3525 401 3582 est
444 3520 700 3599 artifeX‚
747 3521 1027 3585 omnium
1074 3521 1371 3585 vitiorum
1414 3520 1558 3584 fons
1603 3519 2071 3604 cognoscendus
2115 3527 2229 3585 est.
2300 3522 2492 3589 Recte

301 3620 411 3685 ille
456 3622 711 3704 quidem
755 3629 959 3688 artem
1005 3623 1414 3707 symbolicam
1460 3623 1845 3688 Graecorum
1887 3624 2141 3704 laudat,
2201 3626 2357 3689 satis
2400 3625 2492 3689 di-

298 3723 595 3803 lucidam,
642 3730 927 3788 attamen
969 3747 1094 3790 non
1139 3725 1457 3791 difficilius
1504 3732 1601 3790 est
1642 3732 1999 3811 perspectu,
2046 3734 2248 3791 artem
2294 3726 2489 3792 Grae·

301 3846 545 3906 corum,
598 3847 740 3891 cum
785 3826 992 3892 laudis
1035 3827 1359 3911 fastigium
1403 3829 1794 3893 ascendisset
1837 3828 2148 3912 paulatim
2191 3830 2489 3912 primum,

301 3926 529 3992 deinde
585 3928 858 3993 velocius
915 3950 1042 3994 non
1100 3930 1309 3994 ideam
1354 3929 1654 4014 amplius,
1715 3931 1826 3995 sed
1871 3935 2166 3994 naturam
2210 3951 2344 3994 esse
2390 3951 2490 3995 se-

300 4033 545 4109 cutam,
611 4052 801 4114 quam
860 4033 1050 4115 plane
1105 4039 1170 4096 et
1222 4039 1519 4097 accurate
1577 4033 1815 4098 imitari
1873 4024 2121 4098 su'mma
2167 4032 2311 4098 laus
2353 4054 2488 4096 esse

446 4256 481 4324 ¹)
517 4254 1061 4311 Aldobrandinische
1096 4257 1370 4310 Hochzeit
1404 4275 1456 4325 p.
1484 4260 1571 4310 20.
1610 4325 1616 4333 ,

1996 4364 2027 4412 10
