<?xml version="1.0" encoding="UTF-8"?>
<!DOCTYPE html PUBLIC "-//W3C//DTD XHTML 1.0 Transitional//EN"
    "http://www.w3.org/TR/xhtml1/DTD/xhtml1-transitional.dtd">
<html xmlns="http://www.w3.org/1999/xhtml" xml:lang="en" lang="en">
 <head>
  <title>
</title>
<meta http-equiv="Content-Type" content="text/html;charset=utf-8" />
  <meta name='ocr-system' content='tesseract 3.04.00' />
  <meta name='ocr-capabilities' content='ocr_page ocr_carea ocr_par ocr_line ocrx_word'/>
</head>
<body>
  <div class='ocr_page' id='page_1' title='image "./deaulaeorumvelo00buchgoog_0010.png"; bbox 0 0 2946 4740; ppageno 0'>
   <div class='ocr_carea' id='block_1_1' title="bbox 1484 241 1522 299">
    <p class='ocr_par' dir='ltr' id='par_1_1' title="bbox 1484 241 1522 299">
     <span class='ocr_line' id='line_1_1' title="bbox 1484 241 1522 299; baseline 0 0"><span class='ocrx_word' id='word_1_1' title='bbox 1484 241 1522 299; x_wconf 83' lang='lat'>6</span> 
     </span>
    </p>
   </div>
   <div class='ocr_carea' id='block_1_2' title="bbox 398 420 2652 4271">
    <p class='ocr_par' dir='ltr' id='par_1_2' title="bbox 398 420 2607 2232">
     <span class='ocr_line' id='line_1_2' title="bbox 398 420 2602 505; baseline -0.003 -17"><span class='ocrx_word' id='word_1_2' title='bbox 398 448 464 488; x_wconf 89' lang='lat' dir='ltr'>se</span> <span class='ocrx_word' id='word_1_3' title='bbox 508 426 842 490; x_wconf 90' lang='lat' dir='ltr'>irruerent.</span> <span class='ocrx_word' id='word_1_4' title='bbox 937 424 1155 505; x_wconf 84' lang='lat' dir='ltr'>Neque</span> <span class='ocrx_word' id='word_1_5' title='bbox 1201 422 1332 486; x_wconf 92' lang='lat' dir='ltr'>ullo</span> <span class='ocrx_word' id='word_1_6' title='bbox 1376 423 1563 486; x_wconf 85' lang='lat' dir='ltr'>modo</span> <span class='ocrx_word' id='word_1_7' title='bbox 1608 444 1686 485; x_wconf 87' lang='lat' dir='ltr'>ea</span> <span class='ocrx_word' id='word_1_8' title='bbox 1730 422 2050 484; x_wconf 88' lang='lat' dir='ltr'>sententia</span> <span class='ocrx_word' id='word_1_9' title='bbox 2088 420 2340 485; x_wconf 87' lang='lat' dir='ltr'>defendi</span> <span class='ocrx_word' id='word_1_10' title='bbox 2371 424 2602 503; x_wconf 89' lang='lat' dir='ltr'>potest,</span> 
     </span>
     <span class='ocr_line' id='line_1_3' title="bbox 399 521 2600 610; baseline -0.002 -21"><span class='ocrx_word' id='word_1_11' title='bbox 399 549 527 610; x_wconf 87' lang='lat' dir='ltr'>qua</span> <span class='ocrx_word' id='word_1_12' title='bbox 576 545 791 589; x_wconf 87' lang='lat' dir='ltr'>mensa</span> <span class='ocrx_word' id='word_1_13' title='bbox 836 546 981 589; x_wconf 87' lang='lat' dir='ltr'>oum</span> <span class='ocrx_word' id='word_1_14' title='bbox 1029 525 1253 608; x_wconf 88' lang='lat' dir='ltr'>patina</span> <span class='ocrx_word' id='word_1_15' title='bbox 1297 545 1424 588; x_wconf 92' lang='lat' dir='ltr'>non</span> <span class='ocrx_word' id='word_1_16' title='bbox 1471 522 1644 587; x_wconf 88' lang='lat' dir='ltr'>intra</span> <span class='ocrx_word' id='word_1_17' title='bbox 1688 523 1985 587; x_wconf 89' lang='lat' dir='ltr'>convivas</span> <span class='ocrx_word' id='word_1_18' title='bbox 2030 523 2272 605; x_wconf 87' lang='lat' dir='ltr'>posita,</span> <span class='ocrx_word' id='word_1_19' title='bbox 2346 521 2455 584; x_wconf 86' lang='lat' dir='ltr'>sed</span> <span class='ocrx_word' id='word_1_20' title='bbox 2516 521 2600 585; x_wconf 87' lang='lat' dir='ltr'>ad</span> 
     </span>
     <span class='ocr_line' id='line_1_4' title="bbox 398 624 2598 709; baseline -0.001 -19"><span class='ocrx_word' id='word_1_21' title='bbox 398 628 709 709; x_wconf 86' lang='lat' dir='ltr'>parietem</span> <span class='ocrx_word' id='word_1_22' title='bbox 761 626 865 690; x_wconf 81' lang='lat' dir='ltr'>&#39;vel</span> <span class='ocrx_word' id='word_1_23' title='bbox 925 626 1287 691; x_wconf 83' lang='lat' dir='ltr'>columnam</span> <span class='ocrx_word' id='word_1_24' title='bbox 1332 626 1634 709; x_wconf 84' lang='lat' dir='ltr'>aliquam,</span> <span class='ocrx_word' id='word_1_25' title='bbox 1681 624 1788 689; x_wconf 91' lang='lat' dir='ltr'>ubi</span> <span class='ocrx_word' id='word_1_26' title='bbox 1850 644 1998 690; x_wconf 91' lang='lat' dir='ltr'>caro</span> <span class='ocrx_word' id='word_1_27' title='bbox 2061 624 2397 701; x_wconf 87' lang='lat' dir='ltr'>dissecari,</span> <span class='ocrx_word' id='word_1_28' title='bbox 2474 624 2598 688; x_wconf 90' lang='lat' dir='ltr'>cibi</span> 
     </span>
     <span class='ocr_line' id='line_1_5' title="bbox 399 725 2601 811; baseline -0.001 -20"><span class='ocrx_word' id='word_1_29' title='bbox 399 728 652 811; x_wconf 89' lang='lat' dir='ltr'>disponi</span> <span class='ocrx_word' id='word_1_30' title='bbox 711 727 992 810; x_wconf 78' lang='lat' dir='ltr'>possint,</span> <span class='ocrx_word' id='word_1_31' title='bbox 1058 746 1341 790; x_wconf 86' lang='lat' dir='ltr'>seorsum</span> <span class='ocrx_word' id='word_1_32' title='bbox 1410 727 1724 792; x_wconf 83' lang='lat' dir='ltr'>collocata</span> <span class='ocrx_word' id='word_1_33' title='bbox 1781 727 1866 790; x_wconf 88' lang='lat' dir='ltr'>sit</span> <span class='ocrx_word' id='word_1_34' title='bbox 1929 725 2377 807; x_wconf 82' lang='lat' dir='ltr'>intelligenda3</span> <span class='ocrx_word' id='word_1_35' title='bbox 2451 745 2601 788; x_wconf 85' lang='lat' dir='ltr'>nam</span> 
     </span>
     <span class='ocr_line' id='line_1_6' title="bbox 400 827 2605 911; baseline -0.001 -17"><span class='ocrx_word' id='word_1_36' title='bbox 400 850 543 897; x_wconf 88' lang='lat' dir='ltr'>oum</span> <span class='ocrx_word' id='word_1_37' title='bbox 603 828 987 893; x_wconf 83' lang='lat' dir='ltr'>Nasidienus</span> <span class='ocrx_word' id='word_1_38' title='bbox 1039 829 1174 911; x_wconf 89' lang='lat' dir='ltr'>jam</span> <span class='ocrx_word' id='word_1_39' title='bbox 1237 848 1278 891; x_wconf 88' lang='lat' dir='ltr'>a</span> <span class='ocrx_word' id='word_1_40' title='bbox 1338 849 1519 891; x_wconf 88' lang='lat' dir='ltr'>versu</span> <span class='ocrx_word' id='word_1_41' title='bbox 1568 833 1650 892; x_wconf 88' lang='lat'>42</span> <span class='ocrx_word' id='word_1_42' title='bbox 1707 848 1906 911; x_wconf 85' lang='lat' dir='ltr'>usque</span> <span class='ocrx_word' id='word_1_43' title='bbox 1966 829 2048 892; x_wconf 87' lang='lat' dir='ltr'>ad</span> <span class='ocrx_word' id='word_1_44' title='bbox 2108 849 2163 891; x_wconf 90' lang='lat' dir='ltr'>v.</span> <span class='ocrx_word' id='word_1_45' title='bbox 2212 833 2293 891; x_wconf 84' lang='lat'>54</span> <span class='ocrx_word' id='word_1_46' title='bbox 2352 827 2605 892; x_wconf 89' lang='lat' dir='ltr'>sodales</span> 
     </span>
     <span class='ocr_line' id='line_1_7' title="bbox 401 929 2604 1012; baseline -0.001 -17"><span class='ocrx_word' id='word_1_47' title='bbox 401 950 746 995; x_wconf 86' lang='lat' dir='ltr'>muraenae</span> <span class='ocrx_word' id='word_1_48' title='bbox 789 931 1058 995; x_wconf 87' lang='lat' dir='ltr'>virtutes</span> <span class='ocrx_word' id='word_1_49' title='bbox 1101 929 1449 1004; x_wconf 78' lang='lat' dir='ltr'>edocuerit,</span> <span class='ocrx_word' id='word_1_50' title='bbox 1498 929 1635 993; x_wconf 88' lang='lat' dir='ltr'>fieri</span> <span class='ocrx_word' id='word_1_51' title='bbox 1682 950 1805 994; x_wconf 90' lang='lat' dir='ltr'>non</span> <span class='ocrx_word' id='word_1_52' title='bbox 1839 935 2067 1012; x_wconf 84' lang='lat' dir='ltr'>potest,</span> <span class='ocrx_word' id='word_1_53' title='bbox 2115 929 2268 1010; x_wconf 90' lang='lat' dir='ltr'>quin</span> <span class='ocrx_word' id='word_1_54' title='bbox 2324 929 2439 994; x_wconf 91' lang='lat' dir='ltr'>sub</span> <span class='ocrx_word' id='word_1_55' title='bbox 2472 950 2604 993; x_wconf 87' lang='lat' dir='ltr'>om-</span> 
     </span>
     <span class='ocr_line' id='line_1_8' title="bbox 402 1030 2604 1115; baseline -0 -19"><span class='ocrx_word' id='word_1_56' title='bbox 402 1032 579 1096; x_wconf 90' lang='lat' dir='ltr'>nium</span> <span class='ocrx_word' id='word_1_57' title='bbox 627 1030 844 1096; x_wconf 90' lang='lat' dir='ltr'>oculos</span> <span class='ocrx_word' id='word_1_58' title='bbox 903 1032 1128 1114; x_wconf 86' lang='lat' dir='ltr'>pat-ina</span> <span class='ocrx_word' id='word_1_59' title='bbox 1187 1032 1382 1096; x_wconf 83' lang='lat' dir='ltr'>fuerit</span> <span class='ocrx_word' id='word_1_60' title='bbox 1424 1032 1657 1115; x_wconf 89' lang='lat' dir='ltr'>posita.</span> <span class='ocrx_word' id='word_1_61' title='bbox 1747 1032 1975 1113; x_wconf 87' lang='lat' dir='ltr'>Itaque</span> <span class='ocrx_word' id='word_1_62' title='bbox 2019 1030 2402 1095; x_wconf 80' lang='lat' dir='ltr'>necessitate</span> <span class='ocrx_word' id='word_1_63' title='bbox 2448 1052 2604 1115; x_wconf 87' lang='lat' dir='ltr'>qua-</span> 
     </span>
     <span class='ocr_line' id='line_1_9' title="bbox 401 1131 2605 1216; baseline -0.001 -18"><span class='ocrx_word' id='word_1_64' title='bbox 401 1133 550 1198; x_wconf 85' lang='lat' dir='ltr'>dam</span> <span class='ocrx_word' id='word_1_65' title='bbox 608 1131 690 1196; x_wconf 90' lang='lat' dir='ltr'>ad</span> <span class='ocrx_word' id='word_1_66' title='bbox 752 1133 964 1212; x_wconf 86' lang='lat' dir='ltr'>illam,</span> <span class='ocrx_word' id='word_1_67' title='bbox 1040 1154 1232 1216; x_wconf 87' lang='lat' dir='ltr'>quam</span> <span class='ocrx_word' id='word_1_68' title='bbox 1274 1133 1534 1216; x_wconf 71' lang='lat' dir='ltr'>‘protuli</span> <span class='ocrx_word' id='word_1_69' title='bbox 1593 1133 1979 1197; x_wconf 87' lang='lat' dir='ltr'>sententiam</span> <span class='ocrx_word' id='word_1_70' title='bbox 2023 1133 2255 1196; x_wconf 75' lang='lat' dir='ltr'>reverti</span> <span class='ocrx_word' id='word_1_71' title='bbox 2302 1134 2605 1216; x_wconf 85' lang='lat' dir='ltr'>cogimur,</span> 
     </span>
     <span class='ocr_line' id='line_1_10' title="bbox 400 1234 2605 1313; baseline 0 -14"><span class='ocrx_word' id='word_1_72' title='bbox 400 1235 631 1299; x_wconf 87' lang='lat' dir='ltr'>aulaea</span> <span class='ocrx_word' id='word_1_73' title='bbox 690 1234 823 1298; x_wconf 79' lang='lat' dir='ltr'>sub.</span> <span class='ocrx_word' id='word_1_74' title='bbox 867 1253 1125 1299; x_wconf 89' lang='lat' dir='ltr'>camera</span> <span class='ocrx_word' id='word_1_75' title='bbox 1183 1234 1378 1298; x_wconf 85' lang='lat' dir='ltr'>fuisse</span> <span class='ocrx_word' id='word_1_76' title='bbox 1439 1234 1662 1313; x_wconf 85' lang='lat' dir='ltr'>affixa,</span> <span class='ocrx_word' id='word_1_77' title='bbox 1739 1236 2122 1299; x_wconf 82' lang='lat' dir='ltr'>testimoniis</span> <span class='ocrx_word' id='word_1_78' title='bbox 2191 1236 2288 1299; x_wconf 92' lang='lat' dir='ltr'>usi</span> <span class='ocrx_word' id='word_1_79' title='bbox 2358 1235 2605 1300; x_wconf 89' lang='lat' dir='ltr'>duobus</span> 
     </span>
     <span class='ocr_line' id='line_1_11' title="bbox 400 1336 2606 1419; baseline 0 -18"><span class='ocrx_word' id='word_1_80' title='bbox 400 1336 794 1412; x_wconf 87' lang='lat' dir='ltr'>scholiastis,</span> <span class='ocrx_word' id='word_1_81' title='bbox 872 1357 1140 1418; x_wconf 89' lang='lat' dir='ltr'>quorum</span> <span class='ocrx_word' id='word_1_82' title='bbox 1202 1336 1367 1399; x_wconf 88' lang='lat' dir='ltr'>alter</span> <span class='ocrx_word' id='word_1_83' title='bbox 1426 1336 1510 1399; x_wconf 89' lang='lat' dir='ltr'>ad</span> <span class='ocrx_word' id='word_1_84' title='bbox 1557 1336 1725 1401; x_wconf 91' lang='lat' dir='ltr'>hunc</span> <span class='ocrx_word' id='word_1_85' title='bbox 1770 1357 1959 1419; x_wconf 91' lang='lat' dir='ltr'>quem</span> <span class='ocrx_word' id='word_1_86' title='bbox 2005 1342 2354 1400; x_wconf 85' lang='lat' dir='ltr'>tractamus</span> <span class='ocrx_word' id='word_1_87' title='bbox 2396 1337 2606 1402; x_wconf 87' lang='lat' dir='ltr'>locum</span> 
     </span>
     <span class='ocr_line' id='line_1_12' title="bbox 401 1432 2607 1522; baseline 0 -20"><span class='ocrx_word' id='word_1_88' title='bbox 401 1438 562 1502; x_wconf 85' lang='lat' dir='ltr'>haec</span> <span class='ocrx_word' id='word_1_89' title='bbox 604 1437 827 1501; x_wconf 87' lang='lat' dir='ltr'>habet:</span> <span class='ocrx_word' id='word_1_90' title='bbox 876 1438 1071 1521; x_wconf 87' lang='lat' dir='ltr'>„quia</span> <span class='ocrx_word' id='word_1_91' title='bbox 1115 1441 1507 1502; x_wconf 86' lang='lat' dir='ltr'>consuetudo</span> <span class='ocrx_word' id='word_1_92' title='bbox 1541 1438 1714 1522; x_wconf 87' lang='lat' dir='ltr'>apud</span> <span class='ocrx_word' id='word_1_93' title='bbox 1745 1439 2041 1520; x_wconf 86' lang='lat' dir='ltr'>antiquos</span> <span class='ocrx_word' id='word_1_94' title='bbox 2075 1439 2213 1515; x_wconf 85' lang='lat' dir='ltr'>fuit,</span> <span class='ocrx_word' id='word_1_95' title='bbox 2261 1446 2334 1502; x_wconf 92' lang='lat' dir='ltr'>ut</span> <span class='ocrx_word' id='word_1_96' title='bbox 2378 1432 2607 1504; x_wconf 85' lang='lat' dir='ltr'>aulaea</span> 
     </span>
     <span class='ocr_line' id='line_1_13' title="bbox 402 1538 2606 1625; baseline 0.001 -21"><span class='ocrx_word' id='word_1_97' title='bbox 402 1541 519 1605; x_wconf 90' lang='lat' dir='ltr'>sub</span> <span class='ocrx_word' id='word_1_98' title='bbox 563 1558 850 1603; x_wconf 86' lang='lat' dir='ltr'>cameras</span> <span class='ocrx_word' id='word_1_99' title='bbox 897 1538 1249 1617; x_wconf 85' lang='lat' dir='ltr'>tenderent,</span> <span class='ocrx_word' id='word_1_100' title='bbox 1296 1547 1369 1605; x_wconf 89' lang='lat' dir='ltr'>ut</span> <span class='ocrx_word' id='word_1_101' title='bbox 1413 1540 1626 1624; x_wconf 90' lang='lat' dir='ltr'>siquid</span> <span class='ocrx_word' id='word_1_102' title='bbox 1670 1539 1950 1624; x_wconf 90' lang='lat' dir='ltr'>pulveris</span> <span class='ocrx_word' id='word_1_103' title='bbox 1995 1540 2280 1618; x_wconf 85' lang='lat' dir='ltr'>caderet,</span> <span class='ocrx_word' id='word_1_104' title='bbox 2327 1541 2405 1606; x_wconf 86' lang='lat' dir='ltr'>ab</span> <span class='ocrx_word' id='word_1_105' title='bbox 2451 1541 2606 1625; x_wconf 90' lang='lat' dir='ltr'>ipsis</span> 
     </span>
     <span class='ocr_line' id='line_1_14' title="bbox 401 1640 2604 1724; baseline 0.001 -19"><span class='ocrx_word' id='word_1_106' title='bbox 401 1642 876 1724; x_wconf 86' lang='lat' dir='ltr'>exciperetur“;</span> <span class='ocrx_word' id='word_1_107' title='bbox 950 1640 1117 1703; x_wconf 87' lang='lat' dir='ltr'>alter</span> <span class='ocrx_word' id='word_1_108' title='bbox 1162 1641 1243 1704; x_wconf 87' lang='lat' dir='ltr'>ad</span> <span class='ocrx_word' id='word_1_109' title='bbox 1292 1641 1629 1720; x_wconf 75' lang='lat' dir='ltr'>Virgilium</span> <span class='ocrx_word' id='word_1_110' title='bbox 1679 1645 1832 1705; x_wconf 88' lang='lat' dir='ltr'>Aen.</span> <span class='ocrx_word' id='word_1_111' title='bbox 1882 1641 1930 1717; x_wconf 84' lang='grc' dir='ltr'>Ι,</span> <span class='ocrx_word' id='word_1_112' title='bbox 1983 1645 2100 1705; x_wconf 86' lang='grc'>697</span> <span class='ocrx_word' id='word_1_113' title='bbox 2166 1644 2348 1720; x_wconf 81' lang='lat' dir='ltr'>„ideo</span> <span class='ocrx_word' id='word_1_114' title='bbox 2410 1643 2604 1707; x_wconf 91' lang='lat' dir='ltr'>etiam</span> 
     </span>
     <span class='ocr_line' id='line_1_15' title="bbox 400 1741 2607 1811; baseline 0.002 -5"><span class='ocrx_word' id='word_1_115' title='bbox 400 1744 470 1806; x_wconf 91' lang='lat' dir='ltr'>in</span> <span class='ocrx_word' id='word_1_116' title='bbox 516 1741 808 1807; x_wconf 81' lang='lat' dir='ltr'>domibus</span> <span class='ocrx_word' id='word_1_117' title='bbox 851 1741 1283 1806; x_wconf 85' lang='lat' dir='ltr'>tendebantur</span> <span class='ocrx_word' id='word_1_118' title='bbox 1327 1742 1554 1807; x_wconf 86' lang='lat' dir='ltr'>aulaea</span> <span class='ocrx_word' id='word_1_119' title='bbox 1601 1750 1676 1807; x_wconf 91' lang='lat' dir='ltr'>ut</span> <span class='ocrx_word' id='word_1_120' title='bbox 1717 1744 1992 1808; x_wconf 82' lang='lat' dir='ltr'>imitatio</span> <span class='ocrx_word' id='word_1_121' title='bbox 2037 1746 2452 1809; x_wconf 87' lang='lat' dir='ltr'>tentoriorum</span> <span class='ocrx_word' id='word_1_122' title='bbox 2498 1745 2607 1811; x_wconf 88' lang='lat' dir='ltr'>fie-</span> 
     </span>
     <span class='ocr_line' id='line_1_16' title="bbox 402 1843 2602 1930; baseline 0.001 -22"><span class='ocrx_word' id='word_1_123' title='bbox 402 1849 520 1922; x_wconf 83' lang='lat' dir='ltr'>ret,</span> <span class='ocrx_word' id='word_1_124' title='bbox 576 1881 646 1891; x_wconf 88' lang='lat'><strong>—</strong></span> <span class='ocrx_word' id='word_1_125' title='bbox 696 1843 865 1907; x_wconf 91' lang='lat' dir='ltr'>unde</span> <span class='ocrx_word' id='word_1_126' title='bbox 909 1849 975 1907; x_wconf 91' lang='lat' dir='ltr'>et</span> <span class='ocrx_word' id='word_1_127' title='bbox 1017 1843 1082 1925; x_wconf 80' lang='lat' dir='ltr'>in</span> <span class='ocrx_word' id='word_1_128' title='bbox 1130 1844 1432 1908; x_wconf 83' lang='lat' dir='ltr'>thalamis</span> <span class='ocrx_word' id='word_1_129' title='bbox 1480 1845 1596 1908; x_wconf 91' lang='lat' dir='ltr'>hoc</span> <span class='ocrx_word' id='word_1_130' title='bbox 1641 1844 1777 1909; x_wconf 88' lang='lat' dir='ltr'>fieri</span> <span class='ocrx_word' id='word_1_131' title='bbox 1821 1844 2133 1928; x_wconf 80' lang='lat' dir='ltr'>hodieque</span> <span class='ocrx_word' id='word_1_132' title='bbox 2161 1846 2602 1930; x_wconf 86' lang='lat' dir='ltr'>conspicimus.</span> 
     </span>
     <span class='ocr_line' id='line_1_17' title="bbox 404 1944 2605 2031; baseline 0.001 -21"><span class='ocrx_word' id='word_1_133' title='bbox 404 1946 610 2010; x_wconf 86' lang='lat' dir='ltr'>Varro</span> <span class='ocrx_word' id='word_1_134' title='bbox 672 1951 887 2010; x_wconf 87' lang='lat' dir='ltr'>tamen</span> <span class='ocrx_word' id='word_1_135' title='bbox 949 1944 1140 2021; x_wconf 87' lang='lat' dir='ltr'>dicit,</span> <span class='ocrx_word' id='word_1_136' title='bbox 1217 1946 1358 2010; x_wconf 88' lang='lat' dir='ltr'>vela</span> <span class='ocrx_word' id='word_1_137' title='bbox 1418 1946 1623 2010; x_wconf 89' lang='lat' dir='ltr'>solere</span> <span class='ocrx_word' id='word_1_138' title='bbox 1682 1947 1984 2030; x_wconf 81' lang='lat' dir='ltr'>suspendi</span> <span class='ocrx_word' id='word_1_139' title='bbox 2028 1947 2109 2010; x_wconf 90' lang='lat' dir='ltr'>ad</span> <span class='ocrx_word' id='word_1_140' title='bbox 2159 1947 2605 2031; x_wconf 84' lang='lat' dir='ltr'>excipiendum</span> 
     </span>
     <span class='ocr_line' id='line_1_18' title="bbox 404 2047 2607 2132; baseline 0.002 -21"><span class='ocrx_word' id='word_1_141' title='bbox 404 2047 759 2132; x_wconf 81' lang='lat' dir='ltr'>pulverem3</span> <span class='ocrx_word' id='word_1_142' title='bbox 819 2048 971 2131; x_wconf 88' lang='lat' dir='ltr'>quia</span> <span class='ocrx_word' id='word_1_143' title='bbox 1015 2068 1167 2112; x_wconf 91' lang='lat' dir='ltr'>usus</span> <span class='ocrx_word' id='word_1_144' title='bbox 1210 2068 1502 2112; x_wconf 89' lang='lat' dir='ltr'>camerae</span> <span class='ocrx_word' id='word_1_145' title='bbox 1550 2049 1982 2130; x_wconf 81' lang='lat' dir='ltr'>ignorabatur.</span> <span class='ocrx_word' id='word_1_146' title='bbox 2072 2048 2255 2113; x_wconf 91' lang='lat' dir='ltr'>Unde</span> <span class='ocrx_word' id='word_1_147' title='bbox 2300 2050 2607 2116; x_wconf 85' lang='lat' dir='ltr'>Horatius</span> 
     </span>
     <span class='ocr_line' id='line_1_19' title="bbox 404 2149 1251 2232; baseline 0.004 -21"><span class='ocrx_word' id='word_1_148' title='bbox 404 2149 671 2226; x_wconf 87' lang='lat' dir='ltr'>,interea</span> <span class='ocrx_word' id='word_1_149' title='bbox 716 2157 1042 2232; x_wconf 87' lang='lat' dir='ltr'>suspensa‘</span> <span class='ocrx_word' id='word_1_150' title='bbox 1090 2156 1251 2215; x_wconf 88' lang='lat' dir='ltr'>etc.“</span> 
     </span>
    </p>

    <p class='ocr_par' dir='ltr' id='par_1_3' title="bbox 408 2251 2652 4271">
     <span class='ocr_line' id='line_1_20' title="bbox 580 2251 2609 2334; baseline 0.002 -20"><span class='ocrx_word' id='word_1_151' title='bbox 580 2251 675 2314; x_wconf 80' lang='lat' dir='ltr'>Ex</span> <span class='ocrx_word' id='word_1_152' title='bbox 730 2251 830 2315; x_wconf 90' lang='lat' dir='ltr'>his</span> <span class='ocrx_word' id='word_1_153' title='bbox 890 2251 1015 2316; x_wconf 87' lang='lat' dir='ltr'>duo</span> <span class='ocrx_word' id='word_1_154' title='bbox 1078 2252 1235 2315; x_wconf 87' lang='lat' dir='ltr'>haec</span> <span class='ocrx_word' id='word_1_155' title='bbox 1295 2259 1620 2316; x_wconf 90' lang='lat' dir='ltr'>momenta</span> <span class='ocrx_word' id='word_1_156' title='bbox 1679 2251 1970 2315; x_wconf 89' lang='lat' dir='ltr'>concludi</span> <span class='ocrx_word' id='word_1_157' title='bbox 2019 2258 2284 2334; x_wconf 90' lang='lat' dir='ltr'>possunt</span> <span class='ocrx_word' id='word_1_158' title='bbox 2332 2253 2609 2318; x_wconf 89' lang='lat' dir='ltr'>certissi-</span> 
     </span>
     <span class='ocr_line' id='line_1_21' title="bbox 408 2352 2613 2440; baseline 0 -22"><span class='ocrx_word' id='word_1_159' title='bbox 408 2374 547 2418; x_wconf 86' lang='lat' dir='ltr'>ma:</span> <span class='ocrx_word' id='word_1_160' title='bbox 612 2352 856 2437; x_wconf 84' lang='lat' dir='ltr'>Virgilii</span> <span class='ocrx_word' id='word_1_161' title='bbox 903 2353 1316 2438; x_wconf 86' lang='lat' dir='ltr'>interpretem</span> <span class='ocrx_word' id='word_1_162' title='bbox 1362 2353 1597 2418; x_wconf 81' lang='lat' dir='ltr'>aulaea</span> <span class='ocrx_word' id='word_1_163' title='bbox 1642 2353 1759 2417; x_wconf 91' lang='lat' dir='ltr'>sub</span> <span class='ocrx_word' id='word_1_164' title='bbox 1805 2374 2060 2417; x_wconf 87' lang='lat' dir='ltr'>camera</span> <span class='ocrx_word' id='word_1_165' title='bbox 2105 2352 2297 2417; x_wconf 84' lang='lat' dir='ltr'>affixa</span> <span class='ocrx_word' id='word_1_166' title='bbox 2340 2355 2471 2418; x_wconf 89' lang='lat' dir='ltr'>suis</span> <span class='ocrx_word' id='word_1_167' title='bbox 2518 2355 2613 2440; x_wconf 92' lang='lat' dir='ltr'>ip-</span> 
     </span>
     <span class='ocr_line' id='line_1_22' title="bbox 409 2454 2612 2540; baseline 0.001 -20"><span class='ocrx_word' id='word_1_168' title='bbox 409 2457 540 2520; x_wconf 88' lang='lat' dir='ltr'>sius</span> <span class='ocrx_word' id='word_1_169' title='bbox 586 2454 782 2519; x_wconf 87' lang='lat' dir='ltr'>oculis</span> <span class='ocrx_word' id='word_1_170' title='bbox 828 2455 1093 2534; x_wconf 82' lang='lat' dir='ltr'>vidisse,</span> <span class='ocrx_word' id='word_1_171' title='bbox 1167 2457 1443 2540; x_wconf 88' lang='lat' dir='ltr'>primum</span> <span class='ocrx_word' id='word_1_172' title='bbox 1502 2455 1669 2539; x_wconf 92' lang='lat' dir='ltr'>quod</span> <span class='ocrx_word' id='word_1_173' title='bbox 1716 2456 2140 2520; x_wconf 83' lang='lat' dir='ltr'>imitationem</span> <span class='ocrx_word' id='word_1_174' title='bbox 2187 2458 2612 2522; x_wconf 90' lang='lat' dir='ltr'>tentoriorum</span> 
     </span>
     <span class='ocr_line' id='line_1_23' title="bbox 408 2557 2612 2641; baseline 0.001 -20"><span class='ocrx_word' id='word_1_175' title='bbox 408 2558 644 2621; x_wconf 83' lang='lat' dir='ltr'>factam</span> <span class='ocrx_word' id='word_1_176' title='bbox 692 2577 827 2621; x_wconf 89' lang='lat' dir='ltr'>esse</span> <span class='ocrx_word' id='word_1_177' title='bbox 872 2557 1046 2636; x_wconf 87' lang='lat' dir='ltr'>dicit,</span> <span class='ocrx_word' id='word_1_178' title='bbox 1094 2577 1258 2641; x_wconf 85' lang='lat' dir='ltr'>quae</span> <span class='ocrx_word' id='word_1_179' title='bbox 1302 2558 1656 2641; x_wconf 87' lang='lat' dir='ltr'>parietibus</span> <span class='ocrx_word' id='word_1_180' title='bbox 1700 2563 1982 2635; x_wconf 88' lang='lat' dir='ltr'>tantum,</span> <span class='ocrx_word' id='word_1_181' title='bbox 2027 2579 2154 2622; x_wconf 91' lang='lat' dir='ltr'>non</span> <span class='ocrx_word' id='word_1_182' title='bbox 2200 2579 2457 2623; x_wconf 86' lang='lat' dir='ltr'>camera</span> <span class='ocrx_word' id='word_1_183' title='bbox 2501 2580 2612 2623; x_wconf 88' lang='lat' dir='ltr'>au-</span> 
     </span>
     <span class='ocr_line' id='line_1_24' title="bbox 409 2659 2612 2745; baseline 0.001 -21"><span class='ocrx_word' id='word_1_184' title='bbox 409 2660 567 2724; x_wconf 87' lang='lat' dir='ltr'>laeis</span> <span class='ocrx_word' id='word_1_185' title='bbox 612 2660 856 2724; x_wconf 85' lang='lat' dir='ltr'>ornatis</span> <span class='ocrx_word' id='word_1_186' title='bbox 900 2659 1094 2723; x_wconf 90' lang='lat' dir='ltr'>dubia</span> <span class='ocrx_word' id='word_1_187' title='bbox 1140 2659 1338 2723; x_wconf 87' lang='lat' dir='ltr'>videri</span> <span class='ocrx_word' id='word_1_188' title='bbox 1385 2660 1621 2742; x_wconf 87' lang='lat' dir='ltr'>possit,</span> <span class='ocrx_word' id='word_1_189' title='bbox 1668 2660 1898 2724; x_wconf 90' lang='lat' dir='ltr'>deinde</span> <span class='ocrx_word' id='word_1_190' title='bbox 1944 2661 2113 2743; x_wconf 89' lang='lat' dir='ltr'>quod</span> <span class='ocrx_word' id='word_1_191' title='bbox 2161 2661 2374 2739; x_wconf 89' lang='lat' dir='ltr'>addit,</span> <span class='ocrx_word' id='word_1_192' title='bbox 2420 2663 2612 2745; x_wconf 89' lang='lat' dir='ltr'>„quia</span> 
     </span>
     <span class='ocr_line' id='line_1_25' title="bbox 409 2759 2612 2842; baseline 0.001 -16"><span class='ocrx_word' id='word_1_193' title='bbox 409 2759 563 2826; x_wconf 72' lang='lat' dir='ltr'>u‘sus</span> <span class='ocrx_word' id='word_1_194' title='bbox 629 2781 918 2826; x_wconf 88' lang='lat' dir='ltr'>camerae</span> <span class='ocrx_word' id='word_1_195' title='bbox 988 2760 1468 2842; x_wconf 86' lang='lat' dir='ltr'>ignorabatur.“</span> <span class='ocrx_word' id='word_1_196' title='bbox 1590 2762 1739 2827; x_wconf 88' lang='lat' dir='ltr'>Sine</span> <span class='ocrx_word' id='word_1_197' title='bbox 1806 2762 1999 2827; x_wconf 88' lang='lat' dir='ltr'>dubio</span> <span class='ocrx_word' id='word_1_198' title='bbox 2065 2765 2234 2826; x_wconf 90' lang='lat' dir='ltr'>enim</span> <span class='ocrx_word' id='word_1_199' title='bbox 2308 2763 2612 2828; x_wconf 87' lang='lat' dir='ltr'>Varronis</span> 
     </span>
     <span class='ocr_line' id='line_1_26' title="bbox 410 2862 2612 2949; baseline 0.002 -25"><span class='ocrx_word' id='word_1_200' title='bbox 410 2863 604 2928; x_wconf 86' lang='lat' dir='ltr'>verba</span> <span class='ocrx_word' id='word_1_201' title='bbox 647 2863 782 2927; x_wconf 89' lang='lat' dir='ltr'>sola</span> <span class='ocrx_word' id='word_1_202' title='bbox 827 2862 982 2927; x_wconf 86' lang='lat' dir='ltr'>haec</span> <span class='ocrx_word' id='word_1_203' title='bbox 1026 2869 1207 2928; x_wconf 89' lang='lat' dir='ltr'>sunt:</span> <span class='ocrx_word' id='word_1_204' title='bbox 1257 2863 1398 2928; x_wconf 86' lang='lat' dir='ltr'>vela</span> <span class='ocrx_word' id='word_1_205' title='bbox 1442 2864 1652 2928; x_wconf 89' lang='lat' dir='ltr'>solent</span> <span class='ocrx_word' id='word_1_206' title='bbox 1695 2864 1994 2946; x_wconf 88' lang='lat' dir='ltr'>suspendi</span> <span class='ocrx_word' id='word_1_207' title='bbox 2043 2864 2120 2927; x_wconf 89' lang='lat' dir='ltr'>ad</span> <span class='ocrx_word' id='word_1_208' title='bbox 2170 2865 2612 2949; x_wconf 87' lang='lat' dir='ltr'>excipiendum</span> 
     </span>
     <span class='ocr_line' id='line_1_27' title="bbox 412 2965 2617 3052; baseline 0.002 -24"><span class='ocrx_word' id='word_1_209' title='bbox 412 2965 814 3048; x_wconf 83' lang='lat' dir='ltr'>pulverem“;</span> <span class='ocrx_word' id='word_1_210' title='bbox 890 2985 1088 3047; x_wconf 90' lang='lat' dir='ltr'>eaque</span> <span class='ocrx_word' id='word_1_211' title='bbox 1136 2987 1252 3029; x_wconf 90' lang='lat' dir='ltr'>nec</span> <span class='ocrx_word' id='word_1_212' title='bbox 1297 2967 1612 3049; x_wconf 83' lang='lat' dir='ltr'>parietum</span> <span class='ocrx_word' id='word_1_213' title='bbox 1663 2986 1780 3030; x_wconf 88' lang='lat' dir='ltr'>nec</span> <span class='ocrx_word' id='word_1_214' title='bbox 1824 2987 2220 3030; x_wconf 88' lang='lat' dir='ltr'>camerarum</span> <span class='ocrx_word' id='word_1_215' title='bbox 2268 2969 2617 3052; x_wconf 89' lang='lat' dir='ltr'>respiciunt</span> 
     </span>
     <span class='ocr_line' id='line_1_28' title="bbox 412 3067 2615 3149; baseline -0 -17"><span class='ocrx_word' id='word_1_216' title='bbox 412 3067 672 3141; x_wconf 86' lang='lat' dir='ltr'>aulaea,</span> <span class='ocrx_word' id='word_1_217' title='bbox 749 3067 861 3131; x_wconf 89' lang='lat' dir='ltr'>sed</span> <span class='ocrx_word' id='word_1_218' title='bbox 903 3067 1044 3130; x_wconf 84' lang='lat' dir='ltr'>vela</span> <span class='ocrx_word' id='word_1_219' title='bbox 1089 3068 1153 3131; x_wconf 90' lang='lat' dir='ltr'>in</span> <span class='ocrx_word' id='word_1_220' title='bbox 1198 3069 1445 3134; x_wconf 84' lang='lat' dir='ltr'>foribus</span> <span class='ocrx_word' id='word_1_221' title='bbox 1491 3074 1555 3133; x_wconf 80' lang='lat' dir='ltr'>et</span> <span class='ocrx_word' id='word_1_222' title='bbox 1600 3068 1892 3131; x_wconf 85' lang='lat' dir='ltr'>fenestris</span> <span class='ocrx_word' id='word_1_223' title='bbox 1937 3068 2280 3149; x_wconf 79' lang='lat' dir='ltr'>imprimiS,</span> <span class='ocrx_word' id='word_1_224' title='bbox 2347 3070 2615 3132; x_wconf 83' lang='lat' dir='ltr'>fortasse</span> 
     </span>
     <span class='ocr_line' id='line_1_29' title="bbox 412 3168 2616 3253; baseline -0.001 -18"><span class='ocrx_word' id='word_1_225' title='bbox 412 3172 607 3235; x_wconf 90' lang='lat' dir='ltr'>etiam</span> <span class='ocrx_word' id='word_1_226' title='bbox 669 3170 731 3233; x_wconf 90' lang='lat' dir='ltr'>in</span> <span class='ocrx_word' id='word_1_227' title='bbox 790 3170 956 3232; x_wconf 89' lang='lat' dir='ltr'>atrio</span> <span class='ocrx_word' id='word_1_228' title='bbox 1014 3190 1322 3253; x_wconf 87' lang='lat' dir='ltr'>suspensa</span> <span class='ocrx_word' id='word_1_229' title='bbox 1365 3176 1517 3234; x_wconf 89' lang='lat' dir='ltr'>sunt</span> <span class='ocrx_word' id='word_1_230' title='bbox 1561 3168 1995 3249; x_wconf 84' lang='lat' dir='ltr'>intelligenda.</span> <span class='ocrx_word' id='word_1_231' title='bbox 2087 3172 2262 3247; x_wconf 83' lang='lat' dir='ltr'>Quae</span> <span class='ocrx_word' id='word_1_232' title='bbox 2308 3169 2616 3233; x_wconf 86' lang='lat' dir='ltr'>Varronis</span> 
     </span>
     <span class='ocr_line' id='line_1_30' title="bbox 412 3271 2615 3355; baseline 0.001 -21"><span class='ocrx_word' id='word_1_233' title='bbox 412 3272 623 3350; x_wconf 86' lang='lat' dir='ltr'>verba,</span> <span class='ocrx_word' id='word_1_234' title='bbox 670 3271 852 3355; x_wconf 91' lang='lat' dir='ltr'>cujus</span> <span class='ocrx_word' id='word_1_235' title='bbox 901 3271 1197 3336; x_wconf 88' lang='lat' dir='ltr'>doctrina</span> <span class='ocrx_word' id='word_1_236' title='bbox 1228 3292 1443 3336; x_wconf 90' lang='lat' dir='ltr'>omnes</span> <span class='ocrx_word' id='word_1_237' title='bbox 1475 3271 1744 3335; x_wconf 86' lang='lat' dir='ltr'>Romani</span> <span class='ocrx_word' id='word_1_238' title='bbox 1779 3277 2069 3334; x_wconf 82' lang='lat' dir='ltr'>auctores</span> <span class='ocrx_word' id='word_1_239' title='bbox 2102 3271 2383 3353; x_wconf 88' lang='lat' dir='ltr'>ipsorum</span> <span class='ocrx_word' id='word_1_240' title='bbox 2419 3291 2615 3353; x_wconf 89' lang='lat' dir='ltr'>opera</span> 
     </span>
     <span class='ocr_line' id='line_1_31' title="bbox 413 3372 2615 3457; baseline 0 -19"><span class='ocrx_word' id='word_1_241' title='bbox 413 3395 724 3438; x_wconf 89' lang='lat' dir='ltr'>exornare</span> <span class='ocrx_word' id='word_1_242' title='bbox 784 3395 974 3457; x_wconf 89' lang='lat' dir='ltr'>quam</span> <span class='ocrx_word' id='word_1_243' title='bbox 1035 3374 1313 3437; x_wconf 86' lang='lat' dir='ltr'>maxime</span> <span class='ocrx_word' id='word_1_244' title='bbox 1374 3373 1755 3445; x_wconf 88' lang='lat' dir='ltr'>studebant,</span> <span class='ocrx_word' id='word_1_245' title='bbox 1831 3393 1972 3435; x_wconf 90' lang='lat' dir='ltr'>cum</span> <span class='ocrx_word' id='word_1_246' title='bbox 2035 3374 2115 3437; x_wconf 87' lang='lat' dir='ltr'>ab</span> <span class='ocrx_word' id='word_1_247' title='bbox 2161 3372 2615 3455; x_wconf 83' lang='lat' dir='ltr'>interpretibus</span> 
     </span>
     <span class='ocr_line' id='line_1_32' title="bbox 418 3473 2617 3558; baseline -0 -17"><span class='ocrx_word' id='word_1_248' title='bbox 418 3477 583 3541; x_wconf 84' lang='lat' dir='ltr'>male</span> <span class='ocrx_word' id='word_1_249' title='bbox 642 3481 855 3540; x_wconf 88' lang='lat' dir='ltr'>essent</span> <span class='ocrx_word' id='word_1_250' title='bbox 913 3482 1210 3558; x_wconf 85' lang='lat' dir='ltr'>accepta,</span> <span class='ocrx_word' id='word_1_251' title='bbox 1287 3497 1429 3538; x_wconf 90' lang='lat' dir='ltr'>cum</span> <span class='ocrx_word' id='word_1_252' title='bbox 1478 3495 1664 3537; x_wconf 87' lang='lat' dir='ltr'>versu</span> <span class='ocrx_word' id='word_1_253' title='bbox 1712 3473 1958 3537; x_wconf 88' lang='lat' dir='ltr'>Horatii</span> <span class='ocrx_word' id='word_1_254' title='bbox 2006 3474 2097 3536; x_wconf 89' lang='lat' dir='ltr'>ita</span> <span class='ocrx_word' id='word_1_255' title='bbox 2141 3473 2617 3557; x_wconf 85' lang='lat' dir='ltr'>conjungeban-</span> 
     </span>
     <span class='ocr_line' id='line_1_33' title="bbox 416 3567 2616 3657; baseline -0 -14"><span class='ocrx_word' id='word_1_256' title='bbox 416 3586 557 3655; x_wconf 90' lang='lat' dir='ltr'>tur,</span> <span class='ocrx_word' id='word_1_257' title='bbox 637 3585 706 3640; x_wconf 91' lang='lat' dir='ltr'>ut</span> <span class='ocrx_word' id='word_1_258' title='bbox 752 3578 1071 3641; x_wconf 90' lang='lat' dir='ltr'>diceretur</span> <span class='ocrx_word' id='word_1_259' title='bbox 1116 3576 1344 3640; x_wconf 88' lang='lat' dir='ltr'>aulaea</span> <span class='ocrx_word' id='word_1_260' title='bbox 1389 3575 1505 3640; x_wconf 88' lang='lat' dir='ltr'>sub</span> <span class='ocrx_word' id='word_1_261' title='bbox 1551 3596 1805 3639; x_wconf 85' lang='lat' dir='ltr'>camera</span> <span class='ocrx_word' id='word_1_262' title='bbox 1848 3581 2033 3638; x_wconf 86' lang='lat' dir='ltr'>tensa</span> <span class='ocrx_word' id='word_1_263' title='bbox 2080 3567 2616 3657; x_wconf 80' lang='lat' dir='ltr'>pulverem&#39;exci-</span> 
     </span>
     <span class='ocr_line' id='line_1_34' title="bbox 416 3667 2615 3763; baseline 0.001 -22"><span class='ocrx_word' id='word_1_264' title='bbox 416 3700 567 3763; x_wconf 90' lang='lat' dir='ltr'>pere</span> <span class='ocrx_word' id='word_1_265' title='bbox 597 3680 843 3743; x_wconf 91' lang='lat' dir='ltr'>debere.</span> <span class='ocrx_word' id='word_1_266' title='bbox 935 3678 1143 3741; x_wconf 84' lang='lat' dir='ltr'>Stulte</span> <span class='ocrx_word' id='word_1_267' title='bbox 1176 3677 1332 3740; x_wconf 87' lang='lat' dir='ltr'>haec</span> <span class='ocrx_word' id='word_1_268' title='bbox 1363 3678 1534 3741; x_wconf 85' lang='lat' dir='ltr'>diota</span> <span class='ocrx_word' id='word_1_269' title='bbox 1574 3684 1741 3740; x_wconf 89' lang='lat' dir='ltr'>sunt.</span> <span class='ocrx_word' id='word_1_270' title='bbox 1834 3676 1995 3740; x_wconf 89' lang='lat' dir='ltr'>Nam</span> <span class='ocrx_word' id='word_1_271' title='bbox 2031 3698 2322 3741; x_wconf 87' lang='lat' dir='ltr'>camerae</span> <span class='ocrx_word' id='word_1_272' title='bbox 2356 3667 2615 3744; x_wconf 82' lang='lat' dir='ltr'>auctore</span> 
     </span>
     <span class='ocr_line' id='line_1_35' title="bbox 420 3779 2616 3870; baseline 0 -25"><span class='ocrx_word' id='word_1_273' title='bbox 420 3782 710 3846; x_wconf 84' lang='lat' dir='ltr'>Vitruvio</span> <span class='ocrx_word' id='word_1_274' title='bbox 755 3780 923 3857; x_wconf 87' lang='lat' dir='ltr'>(VII,</span> <span class='ocrx_word' id='word_1_275' title='bbox 975 3784 1038 3857; x_wconf 85' lang='lat'>3)</span> <span class='ocrx_word' id='word_1_276' title='bbox 1095 3779 1516 3843; x_wconf 83' lang='lat' dir='ltr'>solidissimae</span> <span class='ocrx_word' id='word_1_277' title='bbox 1572 3784 1738 3843; x_wconf 87' lang='lat' dir='ltr'>sunt.</span> <span class='ocrx_word' id='word_1_278' title='bbox 1828 3779 2064 3843; x_wconf 86' lang='lat' dir='ltr'>Tamen</span> <span class='ocrx_word' id='word_1_279' title='bbox 2121 3782 2379 3870; x_wconf 87' lang='lat' dir='ltr'>sinuosa</span> <span class='ocrx_word' id='word_1_280' title='bbox 2422 3788 2616 3864; x_wconf 87' lang='lat' dir='ltr'>atque</span> 
     </span>
     <span class='ocr_line' id='line_1_36' title="bbox 419 3881 2619 3965; baseline 0.001 -20"><span class='ocrx_word' id='word_1_281' title='bbox 419 3903 651 3964; x_wconf 87' lang='lat' dir='ltr'>rugosa</span> <span class='ocrx_word' id='word_1_282' title='bbox 695 3881 957 3957; x_wconf 84' lang='lat' dir='ltr'>aulaea,</span> <span class='ocrx_word' id='word_1_283' title='bbox 1025 3901 1190 3962; x_wconf 88' lang='lat' dir='ltr'>quae</span> <span class='ocrx_word' id='word_1_284' title='bbox 1232 3901 1346 3963; x_wconf 90' lang='lat' dir='ltr'>per</span> <span class='ocrx_word' id='word_1_285' title='bbox 1388 3881 1648 3963; x_wconf 84' lang='lat' dir='ltr'>longum</span> <span class='ocrx_word' id='word_1_286' title='bbox 1699 3888 1949 3965; x_wconf 91' lang='lat' dir='ltr'>tempus</span> <span class='ocrx_word' id='word_1_287' title='bbox 1994 3883 2110 3945; x_wconf 91' lang='lat' dir='ltr'>sub</span> <span class='ocrx_word' id='word_1_288' title='bbox 2155 3884 2424 3947; x_wconf 84' lang='lat' dir='ltr'>cameris</span> <span class='ocrx_word' id='word_1_289' title='bbox 2467 3888 2619 3947; x_wconf 89' lang='lat' dir='ltr'>sunt</span> 
     </span>
     <span class='ocr_line' id='line_1_37' title="bbox 418 3982 2615 4067; baseline 0.001 -19"><span class='ocrx_word' id='word_1_290' title='bbox 418 3984 627 4063; x_wconf 86' lang='lat' dir='ltr'>affixa,</span> <span class='ocrx_word' id='word_1_291' title='bbox 690 3982 1014 4067; x_wconf 87' lang='lat' dir='ltr'>pulverem</span> <span class='ocrx_word' id='word_1_292' title='bbox 1074 3982 1432 4046; x_wconf 88' lang='lat' dir='ltr'>necessario</span> <span class='ocrx_word' id='word_1_293' title='bbox 1480 3983 1770 4066; x_wconf 82' lang='lat' dir='ltr'>excipere</span> <span class='ocrx_word' id='word_1_294' title='bbox 1851 3984 2005 4048; x_wconf 88' lang='lat' dir='ltr'>satis</span> <span class='ocrx_word' id='word_1_295' title='bbox 2049 3984 2400 4049; x_wconf 90' lang='lat' dir='ltr'>dilucidum</span> <span class='ocrx_word' id='word_1_296' title='bbox 2449 3986 2615 4050; x_wconf 88' lang='lat' dir='ltr'>vide-</span> 
     </span>
     <span class='ocr_line' id='line_1_38' title="bbox 420 4081 2652 4170; baseline 0 -20"><span class='ocrx_word' id='word_1_297' title='bbox 420 4095 544 4150; x_wconf 88' lang='lat' dir='ltr'>tur.</span> <span class='ocrx_word' id='word_1_298' title='bbox 638 4092 720 4149; x_wconf 88' lang='lat' dir='ltr'>At</span> <span class='ocrx_word' id='word_1_299' title='bbox 766 4106 950 4149; x_wconf 88' lang='lat' dir='ltr'>nemo</span> <span class='ocrx_word' id='word_1_300' title='bbox 997 4086 1205 4149; x_wconf 89' lang='lat' dir='ltr'>dicere</span> <span class='ocrx_word' id='word_1_301' title='bbox 1250 4085 1483 4168; x_wconf 88' lang='lat' dir='ltr'>possit,</span> <span class='ocrx_word' id='word_1_302' title='bbox 1542 4085 1667 4150; x_wconf 88' lang='lat' dir='ltr'>nisi</span> <span class='ocrx_word' id='word_1_303' title='bbox 1710 4107 1751 4150; x_wconf 88' lang='lat' dir='ltr'>a</span> <span class='ocrx_word' id='word_1_304' title='bbox 1795 4086 2080 4149; x_wconf 87' lang='lat' dir='ltr'>Varrone</span> <span class='ocrx_word' id='word_1_305' title='bbox 2126 4086 2460 4170; x_wconf 88' lang='lat' dir='ltr'>deceptus,</span> <span class='ocrx_word' id='word_1_306' title='bbox 2507 4081 2652 4150; x_wconf 47' lang='lat' dir='ltr'>au?</span> 
     </span>
     <span class='ocr_line' id='line_1_39' title="bbox 419 4186 2618 4271; baseline 0 -19"><span class='ocrx_word' id='word_1_307' title='bbox 419 4190 560 4254; x_wconf 87' lang='lat' dir='ltr'>laea</span> <span class='ocrx_word' id='word_1_308' title='bbox 625 4189 710 4254; x_wconf 89' lang='lat' dir='ltr'>ad</span> <span class='ocrx_word' id='word_1_309' title='bbox 776 4188 1212 4271; x_wconf 86' lang='lat' dir='ltr'>excipiendum</span> <span class='ocrx_word' id='word_1_310' title='bbox 1283 4186 1604 4271; x_wconf 87' lang='lat' dir='ltr'>pulverem</span> <span class='ocrx_word' id='word_1_311' title='bbox 1668 4208 1804 4252; x_wconf 87' lang='lat' dir='ltr'>esse</span> <span class='ocrx_word' id='word_1_312' title='bbox 1870 4208 2195 4270; x_wconf 89' lang='lat' dir='ltr'>suspensa.</span> <span class='ocrx_word' id='word_1_313' title='bbox 2318 4192 2618 4253; x_wconf 86' lang='lat' dir='ltr'>Attamen</span> 
     </span>
    </p>
   </div>
  </div>
 </body>
</html>
