2946 4740
1402 245 1483 305 39

339 423 573 502 Rom).
672 422 960 506 Denique
1018 425 1083 488 in
1142 424 1408 490 thermis
1452 427 1651 491 etiam
1695 427 1968 492 exedrae
2013 430 2200 493 erant
2245 427 2538 493 usitatae.

338 524 416 588 In
459 525 560 589 his
604 526 897 590 omnibus
940 545 1022 588 ne
1065 525 1215 591 solis
1259 535 1442 591 aestu
1486 528 2016 610 perturbarentur
2046 528 2351 608 homineS‚
2399 528 2542 595 vela

338 626 639 709 suspendi
697 628 980 709 potuisse
1022 627 1331 706 arbitror,
1388 649 1780 711 quamquam
1824 635 2000 694 certa
2034 629 2282 710 judicia
2325 629 2542 694 afferri

338 746 465 791 non
522 735 808 811 possunt.
920 727 1085 791 Nam
1138 734 1355 792 utrum
1411 730 1477 795 in
1523 729 1824 814 diptycho
1870 730 2306 810 Modoetiensi,
2369 732 2540 814 quod

340 827 568 892 Gorius
597 829 655 911 1)
714 828 946 904 edidit,
1014 830 1252 895 exedra
1295 833 1735 916 cognoscenda
1778 831 1889 911 sit,
1951 833 2267 915 quomodo
2311 833 2541 898 Gorius

338 929 696 994 aediculam
757 931 1069 997 columnis
1122 938 1415 997 ornatam
1473 932 1792 1018 appellat,
1856 955 1937 999 an
2000 934 2177 1005 aliud
2221 934 2538 1018 quoddam

337 1032 662 1110 conclave,
720 1033 1003 1097 dubitari
1051 1039 1279 1118 potest.
1383 1034 1509 1100 Sed
1551 1035 1729 1102 aliud
1772 1042 2251 1101 monumentum
2296 1036 2402 1100 hic
2443 1056 2538 1100 re-

338 1135 498 1216 spici
543 1133 759 1211 debet;
806 1140 960 1218 puto
1004 1136 1194 1214 enim,
1243 1135 1595 1221 anaglypta
1625 1138 1831 1203 Musei
1859 1138 2329 1214 Lateranensis,
2375 1157 2539 1220 quae

337 1236 670 1300 Benndorf
750 1242 815 1300 et
890 1236 1151 1301 *Schiine
1186 1240 1243 1317 2)
1329 1238 1696 1318 ediderunt,
1798 1241 2100 1304 exedram
2189 1240 2537 1304 ostendere.

337 1336 542 1400 Locus
586 1345 814 1421 patens
858 1343 923 1401 et
967 1345 1258 1421 apertus,
1305 1340 1487 1424 cujus
1531 1340 1742 1424 paries
1773 1340 2020 1405 aulaeis
2048 1339 2391 1406 distinctus
2419 1346 2536 1419 est,

338 1438 662 1522 horologio
709 1440 941 1504 solario
986 1439 1067 1503 ad
1113 1440 1405 1505 dextram
1449 1443 1658 1525 posito
1701 1443 2136 1526 cognoscitur;
2180 1462 2370 1507 scena
2397 1442 2538 1526 ipsa

337 1543 777 1607 recitationem
833 1544 1003 1607 inter
1048 1543 1216 1606 viros
1261 1543 1482 1607 doctos
1525 1549 2009 1627 repraesentare
2052 1543 2325 1609 videtur.

508 1643 884 1725 Priusquam
930 1644 1121 1725 hujus
1165 1645 1367 1726 partis
1408 1646 1799 1726 quaestionis
1844 1667 2023 1709 meae
2067 1646 2259 1709 finem
2285 1646 2537 1724 faciam,

336 1765 544 1828 pauca
601 1745 897 1810 addenda
952 1754 1100 1809 sunt
1158 1754 1222 1810 et
1280 1748 1358 1811 de
1403 1746 1667 1811 officinis
1708 1746 1961 1811 fabrum
2014 1754 2079 1810 et
2123 1747 2202 1811 de
2246 1749 2539 1812 tentoriis

335 1845 629 1911 militum.
717 1846 893 1911 Inter
946 1848 1163 1914 fabros
1220 1848 1278 1911 ei
1337 1848 1447 1930 qui
1504 1847 1788 1912 officinae
1831 1847 2140 1914 ferrariae
2184 1856 2364 1930 sunt,
2420 1851 2537 1913 im-

335 1950 555 2033 primis
613 1948 1012 2015 memorandi
1068 1956 1258 2028 sunt,
1331 1950 1501 2032 quod
1560 1949 1782 2015 crebra
1848 1958 2299 2030 monumenta,
2372 1972 2537 2034 quae

337 2051 693 2116 Vulcanum
737 2053 801 2114 in
849 2051 1098 2115 officina
1141 2051 1518 2135 depingunt,
1581 2072 1694 2115 nos
1737 2052 2065 2131 adjuvant.
2152 2054 2297 2118 Jam
2343 2073 2539 2137 supra

335 2155 651 2237 picturam
697 2154 905 2231 attuli,
950 2173 1143 2235 quam
1191 2152 1517 2234 Helbigius
1562 2152 1862 2218 describit
1903 2175 1954 2218 s.
1998 2175 2062 2217 n.
2115 2159 2273 2218 1318
2299 2175 2334 2218 c
2376 2160 2533 2235 (non

336 2257 436 2337 b),
502 2256 582 2319 cf.
641 2255 770 2319 tab.
813 2259 905 2318 17.
994 2253 1213 2318 Thetis
1270 2255 1337 2317 in
1393 2253 1645 2317 officina
1691 2255 1960 2318 Vulcani
2004 2275 2187 2320 arma
2230 2255 2347 2320 filii
2392 2277 2538 2321 con-

332 2356 700 2443 templatur.
791 2356 861 2421 In
892 2362 1070 2439 tergo
1102 2354 1258 2420 deae
1302 2356 1470 2420 inter
1500 2354 1859 2434 columnam
1905 2364 1970 2421 et
2011 2357 2197 2423 aulae
2227 2358 2537 2443 parietem

334 2462 541 2526 velum
588 2468 840 2524 tensum
882 2479 1018 2523 esse
1059 2451 1485 2539 cognorimus,
1532 2459 1702 2541 quod
1743 2465 1994 2542 partem
2024 2460 2212 2526 aulae
2244 2460 2533 2525 secludit.

337 2563 523 2627 Certe
568 2563 719 2628 aula
763 2570 829 2625 et
873 2560 1038 2626 atrio
1083 2560 1307 2644 primis
1348 2560 1772 2643 temporibus,
1834 2561 1983 2625 dum
2029 2560 2317 2626 officinae
2359 2563 2536 2644 ipsae

338 2664 612 2727 nondum
660 2663 1036 2727 aedificatae
1081 2667 1249 2739 sunt,
1296 2660 1640 2725 utebantur
1670 2668 1934 2726 veteres.
2002 2663 2289 2729 Ancillae
2319 2662 2534 2728 lanam

333 2768 400 2829 in
464 2766 632 2830 atrio
689 2765 1022 2829 trahentes
1079 2767 1270 2827 notae
1335 2768 1503 2826 sunt.
1594 2762 1716 2827 Sed
1775 2764 2151 2846 plerumque
2210 2764 2535 2828 fabrorum

336 2867 747 2931 ferrariorum
807 2867 1203 2950 potissimum
1261 2866 1554 2929 caminus
1611 2865 1727 2930 sub
1785 2865 1930 2929 divo
1976 2871 2134 2930 erat.
2229 2865 2537 2945 Conferas

336 2969 652 3052 picturam
697 2969 865 3051 apud
903 2969 1263 3051 Helbigium
1311 2988 1360 3033 s,
1408 2990 1470 3031 n.
1507 2968 1647 3046 259,
1693 2968 1827 3032 tab.
1859 2967 1981 3032 IV:
2032 2966 2351 3032 Vulcanus
2380 2967 2536 3031 duo-

337 3091 461 3151 que
495 3069 798 3151 Cyclopes
839 3070 1071 3133 ferrum
1121 3076 1434 3148 tractant3
1482 3090 1521 3132 a
1566 3077 1742 3151 tergo
1789 3068 2041 3144 illorum
2088 3070 2375 3133 caminus
2417 3075 2535 3146 est,

338 3171 421 3235 ad
469 3170 759 3234 dextram
802 3174 1126 3253 tugurium
1172 3171 1268 3235 vel
1303 3171 1550 3249 domuS,
1598 3171 1780 3253 cujus
1823 3170 1901 3234 de
1945 3177 2114 3235 tecto
2159 3169 2279 3232 veli
2325 3169 2537 3252 cujus·

336 3273 485 3338 dam
545 3272 814 3337 laciniae
878 3274 1234 3358 dependere
1290 3274 1619 3352 videntur,
1694 3272 1865 3356 quod
1919 3272 2257 3337 demissum
2317 3277 2537 3336 arceat

335 3375 530 3441 solem
592 3381 657 3440 et
717 3382 994 3439 ventum.
1100 3375 1382 3439 Alteram
1442 3374 1889 3458 contempleris
1947 3372 2296 3458 picturam,
2370 3393 2535 3456 quae

335 3499 556 3542 rursus
600 3476 953 3542 Vulcanum
999 3483 1063 3540 et
1108 3476 1442 3541 Thetidem
1488 3476 1767 3542 ostendit
1810 3476 1995 3555 (Mus.
2041 3473 2233 3539 Borb.
2277 3474 2354 3552 X,
2410 3479 2533 3552 18).

335 3579 625 3642 Thetidis
683 3578 917 3642 sodalis
985 3579 1177 3642 tubae
1241 3599 1439 3642 novae
1508 3597 1734 3642 sonum
1792 3576 1937 3653 dat3
2012 3576 2220 3640 velum
2281 3596 2535 3640 scenam

335 3679 674 3744 concludit.
763 3682 908 3744 Jam
953 3701 1099 3745 vero
1141 3682 1460 3763 intellig0,
1530 3679 1845 3763 quomodo
1904 3677 2042 3741 fieri
2086 3677 2398 3760 potuerit,
2462 3687 2536 3740 ut

337 3781 648 3863 ejusmodi
696 3788 1146 3864 parapetasma
1203 3782 1441 3847 nullam
1489 3782 1682 3846 aliam
1729 3779 1808 3845 ob
1851 3799 2110 3843 causam
2157 3799 2532 3861 suspensum

337 3904 472 3947 esse
531 3883 896 3962 crederent,
969 3904 1161 3966 quam
1235 3886 1403 3968 quod
1473 3883 1708 3951 artifici
1766 3880 2162 3947 commodum
2224 3888 2388 3942 esset
2450 3879 2533 3943 ad

479 4128 520 4194 1)
559 4127 874 4178 Thesaurus
913 4123 1163 4194 diptyeh.
1201 4124 1268 4188 11,
1305 4124 1423 4175 tab.
1465 4124 1517 4175 8.

477 4214 521 4281 2)
559 4213 765 4265 Antike
802 4211 1119 4265 Bildwerke
1159 4211 1258 4263 des
1293 4209 1526 4263 lateran.
1566 4210 1706 4262 Mus.
1741 4209 1855 4260 tab.
1899 4208 1981 4260 13.
