2946 4740
1502 288 1542 347 4

423 470 770 555 profectas,
847 468 1180 551 Helbigius
1239 469 1394 532 satis
1453 468 1810 533 luculenter
1870 470 2123 534 videtur
2167 468 2323 532 mihi
2369 468 2625 534 demon·

423 576 688 651 strasse)
747 592 886 636 eam
947 572 1090 635 dico
1146 571 1633 653 proprietatem,
1706 576 1779 635 ut
1837 572 1902 635 in
1965 570 2259 636 omnibus
2316 591 2480 653 quae
2523 591 2626 635 res

426 673 888 758 mythologicas
934 678 1000 736 et
1049 692 1213 755 quae
1258 671 1529 736 humilia
1573 679 1855 737 tractant
1898 673 2199 757 picturis,
2259 673 2463 736 lineas
2525 693 2627 737 ar-

326 840 329 844 .
424 776 878 841 chitectonicas
921 773 1153 839 afferre
1198 773 1450 838 soleant
1495 795 1687 857 quam
1732 774 2073 858 plurimas,
2148 796 2416 858 quarum
2465 781 2626 838 tam·

424 899 617 961 quam
678 877 888 959 legum
943 877 1301 941 divinarum
1351 876 1690 941 severitate
1738 884 1802 940 et
1847 877 2161 959 dignitate
2207 895 2624 960 personarum

423 980 521 1045 vel
565 999 782 1044 rerum
825 976 1120 1059 agilitati,
1167 975 1628 1059 cupiditatibus
1658 999 1734 1042 ac
1765 977 2234 1062 perturbationi
2265 979 2626 1041 animorum

423 1086 638 1145 certus
696 1078 957 1163 quidam
1018 1078 1244 1145 modus
1302 1078 1639 1161 impositus
1696 1101 1832 1144 esse
1891 1080 2216 1158 videatur,
2270 1085 2625 1163 praeterea,

425 1188 498 1247 ut
541 1187 801 1266 propter
845 1180 1011 1244 hanc
1068 1200 1203 1243 rem
1259 1181 1509 1260 omnia,
1585 1202 1749 1264 quae
1810 1181 2122 1245 linearum
2181 1180 2438 1245 illarum
2497 1181 2622 1243 vim

423 1285 668 1368 possint
699 1282 979 1359 turbare,
1027 1282 1266 1345 evitare
1296 1282 1510 1364 potius
1540 1303 1733 1365 quam
1765 1304 2072 1366 quaerere
2102 1282 2425 1360 studeant,
2467 1280 2627 1345 haec

425 1385 642 1450 omnia
698 1405 843 1449 cum
898 1382 1259 1447 accuratius
1324 1385 1836 1466 cognoverimu8‚
1912 1385 2296 1451 Graecorum
2363 1402 2626 1466 operum

423 1486 625 1552 indoli
669 1486 945 1555 maxime
990 1489 1489 1549 consentaneum
1537 1507 1677 1550 esse
1722 1508 1848 1553 non
1894 1486 2295 1569 negabimuS,
2342 1485 2627 1550 velorum

424 1588 526 1654 vel
580 1587 954 1652 aulaeorum
1010 1585 1418 1667 adjumentis,
1476 1587 1705 1670 quibus
1748 1594 2066 1653 nostrates
2123 1588 2452 1653 occasione
2496 1586 2628 1650 sive

427 1690 582 1756 data
623 1690 754 1754 sive
798 1693 1060 1772 arrepta
1104 1688 1389 1771 picturas
1434 1689 1815 1768 obumbrare
1855 1684 2145 1767 student,
2205 1689 2289 1753 ad
2338 1689 2477 1754 loca
2520 1708 2626 1750 va-

426 1814 549 1869 cua
607 1790 923 1874 explenda
979 1794 1225 1854 veteres
1285 1791 1379 1854 uti
1439 1811 1567 1856 non
1617 1792 1819 1856 solere
1844 1841 1859 1870 ,
1934 1811 2137 1874 neque
2183 1811 2463 1874 unquam
2509 1790 2628 1854 hoc

426 1893 584 1973 fieri,
630 1894 755 1958 nisi
797 1892 941 1957 vela
984 1891 1098 1958 illa
1143 1913 1222 1956 ex
1253 1893 1709 1958 consuetudine
1740 1894 1908 1958 vitae
1940 1892 2301 1957 cotidianae
2330 1896 2629 1975 prompta

428 2015 684 2061 scenam
726 1994 934 2078 ipsam
976 1994 1337 2073 illustrant,
1383 1994 1698 2078 rebusque
1742 1994 2031 2059 veritatis
2073 1994 2398 2077 quandam
2444 2011 2630 2076 prae·

428 2098 581 2164 bent
623 2095 918 2180 speciem.
966 2133 1042 2143 —
1961 2148 1964 2151 .

598 2199 684 2263 Et
727 2198 943 2282 magni
987 2197 1246 2280 quidem
1290 2199 1596 2262 momenti
1641 2197 1807 2262 hanc
1850 2196 2274 2280 cognitionem
2307 2215 2441 2260 esse
2471 2198 2628 2278 puto
2703 2214 2708 2219 ’

429 2302 540 2383 eis,
584 2301 696 2385 qui
739 2305 1026 2365 veterum
1057 2304 1260 2363 artem
1294 2299 1485 2385 plane
1516 2298 1875 2383 intelligere
1908 2298 2145 2362 volunt.
2237 2299 2402 2363 Nam
2446 2299 2628 2377 miro,

320 2461 331 2478 .
427 2425 510 2470 ne
555 2404 764 2470 dicam
806 2399 1166 2467 incredibili
1210 2402 1413 2492 modo
1453 2423 1581 2467 non
1639 2408 1774 2466 tam
1830 2424 1933 2467 res
1974 2402 2147 2485 ipsas
2191 2423 2381 2485 quam
2430 2399 2630 2466 artifi'·

428 2508 531 2572 cia
569 2507 638 2570 in
683 2506 762 2569 iis
805 2502 1098 2568 adhibita
1141 2523 1435 2587 perverse
1478 2495 1887 2590 interpretati
1932 2509 2084 2568 sunt
2123 2503 2412 2568 homines
2442 2502 2632 2567 docti.

430 2609 652 2691 Neque
682 2627 843 2679 ⁶vero
885 2605 952 2671 in
996 2606 1264 2689 picturis
1308 2605 1546 2685 solum,
1593 2605 1704 2670 sed
1748 2607 1941 2670 etiam
1987 2605 2191 2688 magis
2234 2606 2300 2669 in
2347 2609 2633 2669 veterum

431 2708 797 2794 anaglyptis
826 2711 1351 2792 parapetasmata
1383 2707 1516 2782 illa,
1563 2728 1728 2790 quae
1759 2715 2005 2785 vocant,
2038 2708 2386 2791 interprete
2416 2711 2632 2790 egent;

433 2833 579 2878 cum
622 2810 834 2878 adhuc
879 2810 1049 2875 docti
1094 2809 1384 2876 homines
1429 2830 1680 2894 semper
1722 2809 2076 2876 doctrinam
2116 2810 2348 2893 prioris
2377 2808 2636 2890 saeculi,

434 2914 724 2998 quamvis
770 2914 854 2979 sit
895 2932 1114 2996 prava,
1162 2912 1442 2996 amplexi
1487 2912 1552 2977 in
1600 2931 1678 2976 ea
1721 2912 2177 2994 acquieverint.
2270 2909 2512 2989 Quibus
2556 2909 2637 2975 de

435 3016 626 3082 rebus
668 3020 744 3080 ut
784 3013 1024 3079 certius
1066 3013 1311 3097 aliquid
1343 3020 1626 3078 statuere
1658 3014 1986 3096 possimus,
2032 3018 2224 3078 antea
2265 3013 2635 3081 aulaeorum

438 3117 852 3199 velorumque
896 3136 1081 3182 usum
1126 3116 1518 3192 cotidianum
1564 3116 2012 3201 perquiramus
2055 3136 2309 3181 necesse
2351 3120 2465 3181 est.

610 3221 819 3301 Atque
860 3216 1012 3282 hinc
1056 3218 1386 3283 exordium
1430 3218 1763 3295 faciamus,
1808 3222 1881 3281 ut
1909 3238 2308 3301 quaeramus,
2356 3238 2505 3281 num
2538 3236 2638 3280 ve-

440 3327 609 3386 teres
639 3382 643 3386 ,
671 3324 845 3384 tecta
897 3318 1321 3386 tricliniorum
1369 3319 1718 3384 aliarumve
1764 3318 2122 3384 diaetarum
2167 3320 2410 3383 aulaeis
2455 3337 2637 3382 orna·

442 3425 670 3488 verint.
758 3421 1010 3488 Horatii
1070 3421 1245 3490 locus
1300 3420 1407 3485 ille
1452 3419 1903 3485 celeberrimus
1946 3421 2025 3484 de
2072 3420 2397 3485 Nasidieni
2443 3438 2641 3485 coena

444 3526 549 3590 hic
593 3524 918 3594 vexandus
963 3529 1090 3586 est:
1141 3520 1275 3586 Sat.
1319 3521 1360 3584 l.
1408 3523 1493 3599 II,
1539 3526 1597 3599 8,
1644 3527 1725 3585 54

701 3627 1002 3706 „Interea
1043 3643 1350 3707 suspensa
1393 3644 1619 3705 graves
1664 3622 1895 3689 aulaea
1939 3624 2158 3687 ruinas

747 3727 820 3792 In
865 3726 1152 3809 patinam
1201 3724 1405 3789 fecere
1451 3724 1778 3790 trahentia
1822 3725 2101 3808 pulveris
2145 3726 2271 3788 atri

751 3829 1075 3906 Quantum
1120 3847 1251 3892 non
1299 3826 1529 3909 Aquilo
1577 3825 1921 3941 Campanis
1964 3828 2201 3891 excitat
2243 3827 2429 3906 agria.

752 3928 883 3992 Nos
928 3930 1136 4012 majus
1179 3928 1366 3992 veriti
1413 3976 1627 3993 .....
1716 3928 2036 4009 erigimur.
2044 3935 2078 3963 “

626 4029 949 4094 Mazovius
1005 4030 1072 4093 in
1131 4030 1297 4096 libro
1354 4030 1617 4109 „Palast
1674 4029 1786 4094 des
1830 4027 2145 4093 Scaurus“
2209 4029 2298 4107 (in
2364 4028 2645 4110 linguam

451 4151 821 4214 germanam
867 4132 1182 4197 translato
1228 4137 1292 4196 et
1334 4132 1648 4215 completo
1693 4151 1734 4195 a
1763 4131 2250 4210 Wiistemanno)
2299 4151 2443 4195 cum
2474 4131 2651 4194 dicat

452 4236 521 4299 in
565 4232 988 4298 tricliniorum
1035 4235 1326 4317 partibus
1372 4234 1837 4318 superioribuS,
1912 4234 2019 4297 ubi
2074 4233 2221 4296 lecti
2286 4240 2352 4296 et
2394 4251 2648 4296 mensae
