2946 4740
1354 283 1430 345 19

296 467 511 528 certus
552 483 627 530 ac
670 465 892 532 firmus
935 473 1283 548 constaret,
1326 467 1498 532 hanc
1540 468 1848 551 optimam
1891 469 2287 534 occasionem
2331 469 2490 533 arri-

296 565 547 650 pientes
606 567 842 650 ubique
900 569 1247 634 utebantur
1267 620 1282 648 ,
1346 570 1457 635 ubi
1516 569 1871 634 thalamum
1930 570 2029 636 vel
2073 570 2488 636 coenaculum

300 673 761 750 repraesentari
807 672 1160 756 oportebat.
1249 672 1391 750 Qua
1432 671 1689 754 quidem
1735 693 1803 736 re
1847 692 1973 736 non
2018 673 2203 738 modo
2232 674 2490 738 veritati

301 772 932 855 appropinquabant,
989 779 1055 838 et
1096 773 1394 856 explendi
1439 774 1649 840 studio
1682 772 2106 855 sufficiebant,
2151 775 2260 839 sed
2291 775 2486 840 etiam

295 871 743 954 pulcherrime,
801 895 963 957 quas
1005 875 1348 956 debebant,
1407 897 1709 961 personas
1753 876 2127 942 concludere
2170 882 2485 960 poterant.

294 973 578 1039 Primum
620 977 790 1058 quod
835 976 1067 1041 certius
1112 984 1396 1062 tempore
1440 978 1693 1043 definiri
1736 984 1947 1062 potest
1988 985 2487 1060 monumentum,

292 1077 603 1160 pharetra
645 1085 743 1143 est
783 1078 897 1143 illa
941 1100 1141 1145 aurea
1191 1081 1473 1164 scythica
1518 1080 1753 1145 saeculi
1799 1083 2031 1163 quarti.
2130 1084 2340 1146 Antea
2381 1081 2487 1146 vix

290 1180 629 1263 quisquam
674 1181 1058 1248 Graecorum
1101 1188 1394 1247 naturam
1434 1182 1529 1246 ita
1557 1180 1945 1248 imitabatur.
2039 1183 2238 1248 Nemo
2268 1183 2487 1268 itaque

290 1282 708 1366 anaglyptum
770 1284 1000 1368 prioris
1062 1284 1367 1369 temporis
1406 1284 1719 1364 inveniet,
1786 1285 1854 1349 in
1896 1306 2023 1369 quo
2066 1286 2360 1351 aulaeum
2404 1285 2490 1349 sit

292 1386 669 1466 indicatum3
731 1407 878 1451 nam
925 1406 1131 1469 pauca
1175 1406 1339 1470 quae
1383 1391 1642 1471 eastant
1685 1386 1978 1472 exempla
2020 1396 2134 1453 aut
2175 1389 2334 1453 artis
2375 1407 2486 1452 an-

291 1489 511 1571 tiquae
554 1489 812 1553 modum
855 1488 1220 1566 imitantur,
1267 1493 1380 1552 aut
1422 1488 1677 1554 omnino
1722 1509 1922 1555 novae
1954 1491 2153 1555 aetati
2185 1491 2487 1556 adnume-

289 1591 495 1655 randa
538 1596 707 1655 sunt.
795 1588 889 1656 De
932 1595 1161 1675 quarto
1207 1591 1460 1655 demum
1506 1591 1759 1657 saeculo
1803 1591 1869 1657 id
1916 1591 2214 1657 contendi
2258 1595 2487 1677 potest,

290 1692 461 1776 quod
509 1692 906 1776 Boettigerus
951 1693 1237 1772 (Aldobr.
1284 1692 1615 1773 Hochzeit)
1661 1693 1843 1772 dicit,
1888 1693 2270 1760 feminarum
2306 1712 2484 1778 grae-

280 1808 507 1861 ·carum
573 1795 898 1860 conclavia
957 1796 1238 1861 asiaticis
1296 1795 1630 1880 gynaeceis
1673 1795 1908 1861 similia
1950 1797 2291 1880 cogitanda
2331 1817 2484 1878 esse,

291 1918 428 1962 cum
477 1901 708 1963 ornatu
766 1905 832 1963 et
876 1899 1052 1964 cultu
1096 1899 1187 1963 eis
1233 1899 1837 1983 appropinquarent.
1926 1900 2137 1978 Quare
2179 1901 2243 1965 in
2288 1900 2487 1965 omni-

289 2000 409 2066 bus
461 2001 591 2067 illis
642 2001 1020 2086 anaglyptis,
1087 2020 1252 2085 quae
1309 2002 1598 2066 convivia
1638 2000 1739 2065 vel
1783 2003 2101 2086 symposia
2142 2002 2489 2083 celebrant,

288 2103 530 2168 aulaeis
587 2103 907 2188 suspensis
965 2103 1375 2169 coenaculum
1433 2102 1643 2187 ipsum
1706 2101 1788 2167 ab
1849 2102 2094 2168 artifice
2164 2104 2481 2188 depictum

288 2224 425 2270 esse
476 2205 714 2287 judicO.
825 2205 1130 2271 Conferas
1190 2205 1606 2290 anaglyptum
1666 2206 1837 2290 apud
1882 2205 2362 2286 Gerhardum1)
2422 2211 2487 2271 et

291 2306 485 2372 alium
540 2308 709 2394 apud
754 2307 1108 2375 Claracium
1129 2310 1181 2390 2)
1240 2308 1347 2374 ubi
1391 2308 1492 2374 bis
1536 2329 1788 2393 gregem
1831 2313 2189 2393 satyrorum
2233 2313 2299 2372 et
2339 2307 2487 2375 bac-

288 2409 549 2475 charum
604 2411 789 2495 epulo
843 2412 1249 2495 conjunctam
1308 2412 1515 2490 vides3
1591 2413 1912 2497 utrimque
1969 2412 2145 2476 locus
2188 2410 2346 2476 velis
2387 2417 2486 2478 est

289 2518 578 2593 ornatus,
625 2533 789 2597 quae
819 2515 884 2578 in
917 2535 1104 2578 arcus
1133 2513 1404 2579 formam
1435 2520 1587 2579 sunt
1615 2533 1939 2599 suspensa.
2034 2513 2101 2579 In
2136 2513 2483 2598 anaglypto

289 2614 630 2679 Parisiensi
689 2616 970 2681 velorum
1029 2617 1168 2683 loco
1223 2622 1429 2682 vestes
1473 2617 1738 2682 rhoiscis
1780 2622 2085 2700 gravatae
2129 2636 2335 2700 neque
2381 2637 2480 2683 or-

286 2714 434 2781 dine
492 2735 609 2782 nec
666 2738 818 2783 cura
874 2739 1191 2805 expansae
1238 2739 1374 2784 esse
1416 2718 1733 2784 videntur.
1838 2722 2044 2802 Atque
2086 2724 2160 2782 ut
2203 2719 2272 2782 in
2317 2719 2482 2803 ejus·
2582 2771 2586 2776 .

285 2819 455 2885 modi
499 2822 926 2886 monumentis
970 2841 1095 2887 non
1141 2820 1395 2887 domum
1442 2820 1812 2886 interiorem
1833 2871 1848 2901 ,
1892 2821 2002 2886 sed
2046 2826 2286 2886 certum
2332 2839 2481 2886 con-

255 2921 463 2986 ·clave
508 2922 660 2987 velis
703 2929 1247 3007 repraesentatum
1294 2944 1428 2989 esse
1473 2924 1714 3003 credas,
1760 2922 2047 2990 conferas
2078 2922 2239 2988 illud
2270 2941 2480 2988 exem-

284 3024 460 3107 plum
523 3023 585 3088 in
645 3024 815 3089 Mon.
859 3026 1037 3091 Ined.
1089 3030 1248 3091 1866
1293 3026 1423 3091 tab.
1475 3030 1558 3090 80
1610 3026 1872 3090 editum.
1980 3024 2290 3089 Aulaeum
2332 3031 2480 3110 post

282 3131 468 3209 terga
511 3125 914 3190 convivarum
974 3128 1056 3193 ad
1108 3129 1351 3194 laevam
1400 3148 1659 3192 manum
1703 3127 1891 3193 modo
1937 3147 2133 3210 usque
2176 3127 2256 3193 ad
2301 3148 2479 3194 men-

281 3246 528 3307 sarum,
590 3248 719 3293 non
773 3228 1097 3312 anaglypti
1155 3230 1346 3297 finem
1408 3232 1712 3315 pertinet3
1784 3228 1997 3295 culina
2035 3231 2101 3295 in
2146 3250 2274 3313 qua
2315 3251 2474 3318 puer

280 3331 362 3397 ad
405 3331 723 3396 caminum
771 3339 1115 3415 occupatus
1157 3338 1280 3413 est,
1324 3331 1486 3399 bene
1529 3353 1569 3396 a
1613 3332 1955 3398 coenaculo
1996 3338 2094 3397 est
2122 3339 2471 3418 segregata.

281 3431 442 3498 Nam
486 3431 641 3515 quid
686 3432 1026 3500 dilucidius
1069 3434 1283 3501 afferri
1328 3435 1574 3521 possit?
1660 3419 1946 3518 Denique
1976 3434 2324 3519 anaglypta
2349 3436 2471 3501 Va-

280 3533 494 3599 ticana
543 3533 925 3618 afferantur,
992 3559 1156 3621 quae
1200 3539 1367 3622 quod
1414 3539 1571 3603 certi
1615 3536 2061 3622 sepulcralium
2109 3558 2474 3604 monumen—

276 3642 487 3702 torum
529 3639 775 3720 generis
817 3646 992 3719 sunt,
1039 3642 1315 3706 maxime
1359 3641 1667 3706 memoria
1712 3640 1907 3723 digna
1937 3644 2087 3703 sunt
2133 3638 2239 3725 (cf.
2272 3640 2473 3705 Pisto-

274 3738 496 3804 lesium
541 3739 648 3817 IV,
710 3743 840 3826 50).
952 3743 1068 3807 Vir
1125 3743 1434 3808 barbatus
1488 3749 1732 3808 maesto
1790 3762 1898 3808 ore
1956 3742 2021 3806 in
2079 3740 2243 3806 lecto
2296 3742 2474 3825 jacet

275 3861 418 3905 cum
462 3842 761 3926 conjuge3
806 3849 1122 3908 crateram
1166 3844 1245 3908 ad
1295 3847 1590 3910 dextram
1634 3845 1840 3924 vides;
1900 3844 2081 3927 pueri
2125 3843 2270 3923 du0,
2316 3866 2473 3929 quo-

275 3963 415 4008 rum
473 3944 641 4009 alter
692 3951 946 4029 satyrus
1008 3967 1144 4012 esse
1203 3947 1485 4027 videtur,
1559 3948 1703 4012 vino
1764 3947 2136 4011 ministrant
2190 3946 2467 4030 epulum.

416 4188 456 4256 Ι)
498 4187 702 4240 Antike
739 4187 1053 4241 Bildwerke
1092 4187 1206 4240 tab.
1250 4189 1365 4241 108.

409 4276 455 4344 2)
491 4275 683 4329 Muses
726 4275 805 4328 de.
832 4276 1117 4344 sculpture
1156 4275 1224 4329 11.
1266 4277 1382 4340 139,
1425 4275 1547 4327 139.

1887 4375 1956 4427 2*
