2946 4740
1428 270 1465 330 5

347 447 638 526 stabant,
699 452 976 533 parietes
1036 471 1235 533 usque
1287 453 1369 517 ad
1414 458 1657 516 certam
1703 453 2110 518 altitudinem
2156 455 2398 519 aulaeis
2444 477 2543 521 co·

347 547 540 632 piosis
585 553 786 615 tectos
831 552 1046 631 fuisse,
1092 574 1234 616 cum
1282 559 1497 617 cetera
1538 574 1690 638 pars
1733 555 2029 638 picturis,
2075 557 2357 635 coronis,
2402 557 2545 622 aliis

347 649 537 715 rebus
579 651 844 717 honeste
888 653 1082 718 fuerit
1126 655 1464 735 decorata,
1538 657 1698 722 haec
1744 657 1939 722 habet
1979 657 2151 723 infra
2196 659 2541 724 adnotata:

346 751 604 831 „Simile
660 755 958 820 aulaeum
1013 777 1205 820 ruens
1261 757 1328 821 in
1389 778 1675 822 mensam
1723 759 2050 825 Nasidieni
2105 780 2367 826 coenam
2411 767 2545 826 tur·-

345 852 580 919 bavit.“
672 856 1166 923 Wiistemannus
1209 859 1456 938 deinde,
1504 861 1610 943 qui
1657 866 1830 925 recte
1875 862 2131 944 quidem
2161 862 2275 926 illa
2304 883 2383 926 ex
2415 862 2544 928 Ho-

346 957 498 1020 ratii
545 957 751 1022 verbis
793 960 1081 1024 concludi
1126 982 1309 1044 posse
1356 967 1566 1044 negat,
1613 983 1730 1026 nec
1770 963 2361 1046 interpretationem
2410 964 2545 1029 vul-

346 1078 582 1138 garem,
628 1081 706 1124 ex
751 1081 877 1143 qua
923 1061 1221 1126 aulaeum
1264 1063 1434 1126 idem
1480 1069 1661 1141 esset,
1710 1064 1880 1147 quod
1926 1085 2043 1129 nos
2074 1085 2224 1129 voce
2270 1065 2543 1143 „Balcia-

345 1159 537 1223 chin“
583 1161 1042 1243 significamuS,
1100 1185 1218 1227 nec
1262 1165 1613 1229 Heindorfii
1660 1165 1942 1249 probans
1984 1166 2400 1231 sententiam:
2476 1170 2544 1231 in

347 1261 438 1326 eis
483 1261 808 1344 tricliniiS,
876 1284 1040 1347 quae
1083 1270 1255 1330 tecta
1296 1265 1604 1348 laquenta
1648 1288 1774 1331 non
1834 1267 2179 1345 haberent,
2249 1268 2317 1332 in
2376 1274 2543 1333 tecto

265 1400 269 1403 v
346 1383 540 1446 supra
584 1385 868 1429 mensam
914 1367 1210 1431 aulaeum
1257 1367 1449 1432 fuisse
1480 1389 1874 1452 suspensum,
1918 1370 2072 1452 ipse,
2120 1390 2264 1433 cum
2294 1369 2373 1434 de
2405 1370 2543 1434 velo

344 1464 744 1530 admissionis
800 1469 1145 1551 cogitaret,
1206 1468 1645 1534 stultissimam
1709 1470 1886 1534 dedit
1927 1470 2541 1554 interpretationem.

343 1566 550 1630 Aliter
581 1567 1060 1650 Marquardtius
1099 1575 1150 1646 1)
1196 1591 1330 1634 rem
1363 1571 1481 1635 sibi
1516 1572 1846 1655 disposuit,
1895 1571 2054 1636 duce
2086 1573 2233 1636 Fea.
2327 1573 2543 1638 Omni·

342 1690 425 1732 no
469 1668 578 1732 ille
624 1670 880 1753 quidem
922 1672 1218 1736 aulaeum
1264 1673 1329 1736 in
1375 1693 1660 1737 mensam
1705 1673 2002 1745 incidisse
2045 1679 2267 1756 negat,
2328 1674 2543 1759 pulve-

342 1791 474 1834 rem
523 1770 744 1850 solum,
789 1772 1057 1838 fortasse
1101 1774 1293 1838 etiam
1341 1773 1531 1840 calcis
1561 1774 1806 1858 aliquid
1840 1774 2104 1840 irruisse
2134 1777 2200 1840 in
2234 1776 2541 1859 patinam,

343 1893 484 1937 cum
533 1873 762 1938 aulaea
803 1874 870 1936 in
916 1874 1161 1957 pariete
1206 1874 1396 1940 affixa
1440 1897 1592 1941 casu
1626 1877 1905 1961 quodam
1940 1876 2286 1942 ceciderint
2316 1878 2383 1942 in
2418 1883 2541 1942 ter-

343 1995 501 2040 ram.
590 1975 944 2039 Audiamus
1005 1975 1060 2039 si
1117 1976 1329 2059 placet
1383 1978 1653 2042 similem
1715 1978 2313 2062 interpretationem
2357 1981 2543 2060 Feae,

343 2077 524 2158 cujus
563 2076 805 2160 judicio
855 2077 1335 2160 Marquardtius
1379 2079 1570 2143 nimis
1614 2080 1910 2158 confidit;
1984 2080 2249 2159 „fecerit
2306 2082 2544 2158 ruinas,

340 2178 585 2260 inquit,
644 2178 809 2242 male
853 2186 1183 2263 exponunt
1224 2202 1340 2265 pro
1387 2183 1729 2260 corruerit,
1794 2182 1907 2246 sed
1951 2181 2237 2247 cadendo
2282 2205 2317 2248 e
2362 2202 2543 2248 muro

341 2286 685 2344 traxerunt
725 2282 1171 2348 tantummodo
1214 2283 1540 2366 pulverem
1600 2285 1665 2347 in
1722 2285 2013 2367 patinam
2058 2290 2131 2348 ut
2173 2285 2334 2350 nihil
2378 2292 2545 2351 esset

318 2383 606 2468 ⁴periculi
665 2405 782 2468 pro
841 2385 1248 2450 convivarum
1310 2385 1790 2465 incolumitate,
1865 2406 2023 2469 quos
2082 2386 2241 2452 alias
2298 2388 2543 2453 obruis-

337 2491 539 2550 sent.“
624 2488 771 2552 Jam
816 2507 964 2552 vero
1008 2488 1325 2570 quomodo
1370 2487 1566 2552 verba
1612 2488 1770 2552 satis
1815 2488 2099 2553 dilucida
2144 2481 2415 2568 ,3aulaea
2457 2489 2543 2555 fe-

337 2609 481 2652 cere
524 2589 742 2653 ruinas
786 2590 850 2653 in
897 2591 1228 2673 patinam“
1274 2589 1464 2654 aliter
1508 2590 1922 2673 interpretari
1965 2591 2185 2673 possis,
2232 2611 2424 2674 quam
2470 2597 2543 2656 ut

340 2711 416 2755 ea
476 2691 542 2754 in
600 2691 891 2775 patinam
935 2691 1234 2755 cecidisse
1279 2692 1512 2776 putes?
1642 2691 1969 2770 Quaenam
2012 2691 2289 2756 inveniri
2332 2700 2542 2777 potest

337 2794 522 2871 rati0,
570 2813 699 2875 qua
742 2791 994 2856 ruinam
1039 2793 1133 2857 ita
1175 2793 1551 2868 dividamus,
1598 2799 1670 2857 ut
1715 2794 1946 2858 aulaea
1986 2795 2051 2858 in
2097 2799 2355 2873 terram,
2399 2794 2539 2879 pul-

337 2913 546 2960 verem
578 2896 642 2958 in
673 2896 960 2979 patinam
992 2896 1250 2959 irruisse
1280 2894 1665 2959 credamus?
1755 2897 1962 2977 Atque
2008 2895 2260 2960 etiamsi
2306 2896 2539 2961 eximia

337 2997 505 3061 Feae
546 2998 866 3062 subtilitas
912 3018 1130 3061 verum
1168 2997 1546 3073 invenisset,
1623 3017 1833 3061 nonne
1893 3002 2028 3061 tum
2092 2998 2348 3062 demum
2392 3017 2536 3063 con·

337 3100 516 3163 vivae
562 3091 780 3180 magiS,
828 3118 1021 3179 quam
1064 3100 1286 3182 patina
1331 3119 1457 3161 non
1506 3098 1693 3162 modo
1739 3098 2079 3181 tapetibuS,
2125 3101 2235 3164 sed
2278 3100 2538 3183 pulvere

337 3200 530 3263 etiarn
563 3204 774 3263 essent
802 3199 1033 3277 obruti,
1079 3200 1131 3264 si
1163 3197 1322 3263 haec
1353 3200 1430 3263 de
1460 3199 1807 3282 parietibus
1839 3202 2262 3266 cecidissent?
2348 3202 2537 3267 Certe

335 3301 641 3365 Horatius
701 3301 998 3365 convivas
1053 3300 1375 3384 tapetibus
1433 3301 1751 3367 involutos
1808 3302 2147 3387 depingere
2206 3325 2334 3369 non
2381 3306 2535 3369 omi-

337 3405 537 3468 sisset.
627 3403 809 3482 Quod
871 3402 1001 3466 Fea
1061 3402 1248 3482 dicit,
1306 3403 1626 3466 aulaeum·
1665 3404 1732 3467 in
1776 3422 2060 3470 mensam
2106 3407 2361 3472 omnino
2405 3428 2533 3471 non

336 3505 662 3581 incidisse,
739 3505 858 3570 hoc
903 3526 1100 3569 unum
1145 3505 1468 3569 continere
1515 3505 1767 3569 videtur
1810 3528 2061 3586 verum,
2132 3510 2361 3574 aulaea
2415 3511 2533 3575 sub

337 3612 506 3670 tecto
568 3605 758 3671 affixa
811 3628 937 3671 non
996 3612 1134 3672 tota
1192 3607 1449 3671 irruisse
1509 3607 1575 3671 in
1634 3627 1919 3673 mensam
1980 3609 2319 3676 verisimile
2377 3632 2532 3691 esse,

336 3709 446 3774 sed
492 3707 739 3771 duabus
785 3707 916 3773 fere
961 3708 1212 3773 laciniis
1256 3708 1484 3773 solutis
1526 3708 1842 3792 prolapsa,
1888 3717 2081 3794 atque
2125 3712 2395 3777 fortasse
2426 3712 2533 3777 de-

336 3810 683 3895 pendentia
725 3809 1004 3892 pulveris
1049 3811 1172 3873 vim
1230 3810 1553 3893 ingentem
1600 3812 1873 3876 traxisse
1916 3813 1981 3875 in
2026 3815 2339 3878 convivas.
2428 3813 2532 3878 Sic

335 3917 587 4001 tantum
634 3911 828 3975 verba
873 3931 1027 3990 „nos
1071 3912 1281 3993 majus
1324 3913 1550 3977 veriti“
1596 3914 1725 3977 vim
1763 3913 1997 3979 habere
2031 3916 2341 3993 videntur,
2387 3935 2529 3979 cum

336 4014 636 4077 convivae
683 4019 962 4077 metuere
1009 4012 1376 4092 debuerint,
1452 4035 1530 4078 ne
1588 4036 1731 4078 cum
1776 4016 2020 4082 aulaeis
2065 4021 2236 4083 tecta
2280 4017 2419 4100 ipsa
2461 4018 2527 4081 in

478 4223 522 4292 1)
593 4223 752 4277 Rom.
788 4221 1205 4276 Privatalterth.
1243 4240 1298 4291 p.
1334 4225 1436 4278 319
1475 4222 1530 4275 ff.
