2946 4740
1493 193 1533 252 8

410 384 627 441 autem
673 371 945 459 οὐρανὸς
986 375 1214 439 Graeci
1260 373 1366 450 (cf.
1407 374 1789 456 Hesychium
1836 394 1883 435 s.
1930 379 2016 450 v.)
2063 372 2322 436 tentorii
2366 376 2637 436 tectum

413 478 807 560 significant,
873 477 940 540 in
997 497 1122 560 quo
1180 496 1295 539 rex
1352 475 1647 541 habitare
1692 475 1873 540 solet.
1962 473 2359 536 Festivorum
2404 477 2632 538 tento—

412 580 652 643 riorum
697 580 836 663 ipsa
881 579 1165 661 tegmina
1207 577 1461 642 textilia
1521 578 1602 642 ab
1650 576 1977 641 Athenaeo
2036 575 2141 654 (V,
2187 578 2293 652 25)
2353 567 2629 659 οὐρανί-

414 702 583 746 σκοι
606 687 915 746 vocantur
953 686 1037 760 1),
1084 679 1286 744 stellis
1330 679 1686 762 ceterisque
1731 677 1892 742 coeli
1935 676 2318 757 imaginibus
2361 681 2626 755 ornata,

413 804 558 849 cum
600 782 665 847 in
713 782 832 848 hoc
854 832 870 860 ,
945 802 1133 866 quem
1181 786 1536 844 tractamus
1588 780 1730 845 loco
1753 829 1770 858 ,
1842 784 2083 844 tectum
2143 776 2462 861 sapphiris
2519 777 2630 843 di-

412 885 716 951 stinctum
778 883 879 948 sit.
976 883 1214 962 Quodsi
1261 882 1488 961 &olus
1546 883 1614 946 in
1674 881 1953 946 virorum
2014 879 2307 945 cubiculo
2364 870 2626 962 οὐρανῷ

413 986 640 1051 similis
684 991 818 1062 est,
896 984 1053 1049 nihil
1101 986 1277 1051 aliud
1324 986 1446 1051 nisi
1492 986 1631 1069 ejus
1674 989 1979 1060 ornatus,
2050 983 2116 1046 id
2179 987 2311 1059 est,
2383 980 2623 1045 aulaea

413 1087 679 1169 gemmis
726 1086 1028 1152 distincta
1085 1088 1355 1171 intelligi
1415 1092 1697 1172 possunt.
1789 1086 2016 1169 Itaque
2060 1105 2207 1148 cum
2250 1083 2460 1148 omnis
2499 1102 2617 1147 au-

414 1189 697 1253 laeorum
746 1188 1005 1253 luxuria
1035 1208 1113 1252 ex
1149 1190 1300 1254 Asia
1342 1189 1631 1273 profecta
1675 1193 1741 1251 et
1783 1187 1851 1250 in
1883 1186 2216 1251 Graeciam
2251 1190 2316 1249 et
2345 1185 2620 1249 Romam

415 1291 799 1373 migraverit,
844 1290 897 1354 si
940 1289 1029 1354 ibi
1073 1311 1197 1355 non
1244 1291 1445 1355 solum
1487 1293 1773 1374 parietes
1799 1289 1912 1352 sed
1944 1294 2115 1352 tecta
2145 1289 2341 1352 etiam
2372 1288 2623 1352 aulaeis

415 1398 646 1458 ornata
705 1391 900 1455 fuisse
956 1392 1282 1471 audimuS,
1358 1394 1554 1457 etiam
1583 1392 1919 1458 -Romanis
1974 1391 2140 1473 idem
2201 1391 2280 1456 de
2331 1391 2620 1474 ipsorum

413 1493 728 1558 institutis
773 1491 1159 1556 testantibus
1201 1493 1360 1559 fides
1403 1501 1502 1558 est
1547 1494 1857 1559 habenda.

440 1673 444 1676 Α
580 1594 728 1659 Jam
783 1613 930 1658 vero
991 1594 1143 1676 quid
1184 1595 1282 1660 -de
1339 1597 1771 1661 monumentis
1830 1594 2241 1660 statuendum
2301 1595 2444 1659 est?
2539 1595 2622 1658 In

414 1696 716 1780 picturis,
795 1715 960 1777 quae
1004 1693 1175 1759 solae
1219 1695 1321 1761 hic
1367 1698 1594 1781 respici
1639 1704 1911 1782 possunt
1932 1747 1948 1775 ,
2022 1697 2392 1769 aulaeorum
2447 1697 2620 1762 velo-

414 1817 683 1880 rumque
727 1817 913 1861 usum
959 1798 1116 1862 satis
1163 1818 1299 1862 esse
1344 1800 1819 1879 circumcisum,
1895 1820 1974 1864 ex
2020 1800 2138 1878 eis,
2211 1820 2379 1882 quae
2422 1820 2622 1883 supra

414 1899 566 1978 dixi,
612 1904 1106 1963 consentaneum
1153 1905 1266 1965 est.
1356 1901 1677 1986 Imprimis
1736 1907 1953 1967 autem
2007 1901 2235 1967 aulaea
2285 1900 2403 1967 sub
2446 1907 2621 1967 tecto

415 2001 546 2064 fixa
603 2000 866 2079 desunt,
941 2021 1082 2064 cum
1147 2008 1317 2066 tecta
1371 2003 1513 2087 ipsa
1555 2005 1622 2066 in
1665 2005 1934 2087 picturis
1976 2024 2243 2087 perraro
2286 2024 2422 2069 sese
2466 2003 2621 2069 offe-

416 2109 586 2167 rant.
675 2103 839 2167 Nam
884 2123 963 2168 ea
1008 2126 1148 2182 arS,
1194 2125 1323 2188 qua
1367 2106 1576 2188 pictor
1620 2104 1843 2180 efficit,
1899 2112 1971 2170 ut
2014 2094 2333 2188 quaedam
2382 2104 2618 2170 emine-

419 2227 504 2282 re,
551 2205 864 2288 quaedam
913 2207 1244 2272 recessisse
1274 2208 1626 2282 credamus,
1671 2207 1933 2272 minime
1964 2208 2137 2291 apud
2169 2217 2414 2272 veteres
2444 2207 2622 2272 culta

413 2314 543 2383 est,
608 2307 728 2372 nisi
787 2308 961 2391 ipsas
1006 2309 1290 2393 picturas
1333 2308 1864 2393 scenographicas
1908 2310 2299 2392 respicimus.
2391 2310 2619 2393 ltaque

415 2415 673 2494 praeter
729 2409 910 2474 illam
967 2431 1131 2493 quae
1179 2411 1519 2475 Admetum
1564 2418 1759 2493 atque
1805 2411 2112 2476 Alkestim
2179 2418 2620 2496 repraesentat

416 2513 732 2597 picturam
771 2517 830 2592 ²)
873 2512 977 2576 vix
1021 2514 1228 2578 altera
1272 2512 1544 2577 inveniri
1589 2513 1823 2596 possit,
1870 2515 1937 2578 in
1978 2535 2106 2597 qua
2148 2513 2445 2579 aulaeum
2490 2518 2619 2578 tec-

419 2623 556 2679 tum
620 2634 857 2677 ornans
918 2615 1367 2697 conspiciatur.
1456 2616 1679 2699 Neque
1740 2615 1860 2679 hoc
1902 2616 2265 2699 exemplum
2309 2617 2445 2680 sine
2484 2615 2618 2681 ullo

418 2716 610 2787 dubio
656 2715 872 2780 afferri
919 2723 1158 2799 potest,
1234 2738 1379 2783 cum
1436 2718 1543 2781 alii
1604 2720 1699 2783 ita
1741 2717 2156 2802 interpretari
2200 2717 2469 2801 possint,
2544 2723 2618 2780 ut

418 2818 670 2895 dicant,
716 2818 783 2882 id
829 2817 1126 2881 aulaeum
1174 2838 1312 2883 esse
1357 2824 1945 2903 repraesentatum,
1993 2819 2193 2903 quod,
2255 2820 2617 2897 demissum,

416 2921 484 2984 in
529 2918 821 2986 domibus
874 2925 1158 2984 veterum
1227 2922 1481 3006 saepius
1551 2922 1759 2985 locum
1824 2924 2038 3005 quarti
2098 2922 2364 3005 parietis
2425 2926 2618 3000 tenet,

419 3022 523 3085 hic
582 3028 796 3086 autem
859 3027 957 3086 est
1008 3028 1389 3087 sustentum.
1480 3024 1773 3088 Picturae
1815 3028 2028 3088 autem
2072 3022 2617 3107 scenographicae‚

419 3126 472 3188 si
520 3130 692 3187 recte
737 3144 844 3187 eas
889 3124 1333 3208 intelligimuS,
1404 3117 1642 3208 optime
1701 3127 1868 3209 quod
1927 3127 2296 3208 quaerimus
2354 3130 2619 3210 possunt

420 3227 678 3303 docere3
724 3246 876 3289 nam
920 3225 1041 3290 hae
1085 3226 1334 3307 legibus
1377 3227 1618 3309 optices
1663 3228 1889 3294 solutis
1921 3229 2203 3291 omnium
2238 3249 2449 3291 rerum
2480 3248 2617 3311 per-

419 3329 758 3413 spicuitate
805 3332 1000 3409 atque
1059 3328 1534 3411 pelluciditate‚
1609 3335 1682 3393 ut
1733 3330 1829 3392 ita
1883 3329 2124 3406 dicam,
2198 3328 2401 3393 multa
2456 3348 2618 3411 quae

421 3431 584 3495 alias
628 3450 974 3511 numquam
1021 3429 1153 3492 fere
1197 3429 1644 3507 inveniuntur,
1690 3431 2037 3495 ostendunt
2079 3434 2341 3493 retecta.
2433 3429 2617 3495 Modo

424 3553 505 3596 ne
535 3532 758 3595 credas
787 3535 1051 3621 propter
1090 3531 1255 3595 hanc
1307 3532 1516 3611 legum
1564 3531 2043 3596 dissolutionem
2089 3551 2309 3595 omnes
2351 3553 2452 3597 res
2498 3532 2616 3595 sin-

424 3634 606 3717 gulas
651 3654 787 3697 esse
829 3631 1041 3711 ficta-s,
1088 3654 1204 3697 nec
1247 3653 1466 3696 verum
1512 3653 1590 3695 ex
1637 3633 1765 3696 veri
1811 3633 2122 3699 similibus
2166 3654 2351 3717 posse
2395 3654 2617 3717 cogno-

423 3737 530 3800 sci.
624 3735 877 3819 Optime
921 3735 1212 3817 picturae
1257 3736 1321 3797 in
1368 3734 1636 3797 thermis
1673 3733 1798 3797 Titi
1844 3736 2140 3800 inventae
2185 3757 2317 3800 rem
2364 3736 2617 3799 demon·
2685 3751 2692 3758 ·

425 3845 633 3902 strare
681 3837 1001 3913 videntur3
1078 3836 1156 3899 cf.
1204 3837 1421 3899 Poncii
1483 3835 1868 3919 description
1918 3837 2028 3901 des
2073 3837 2256 3901 baius
2299 3836 2379 3899 de
2422 3836 2614 3900 Titus.

737 3994 835 4001 ———-

571 4065 611 4132 ¹)
684 4063 753 4116 cf.
792 4062 1102 4116 Botticheri
1139 4062 1416 4114 Tektonik
1456 4062 1558 4115 der
1593 4063 1867 4118 Hellenen
1904 4064 1954 4129 1,
1990 4064 2206 4117 Excurs
2245 4067 2294 4120 6.

569 4151 611 4219 ²)
684 4150 756 4205 cf.
796 4149 1132 4203 Overbeckii
1169 4149 1287 4201 Gal.
1325 4149 1442 4203 her.
1481 4149 1675 4205 Bildw.
1713 4151 1881 4220 XXX,
1926 4152 2005 4205 13.
