2946 4740
1388 271 1467 332 37

335 460 447 520 cut
488 455 685 542 etiam
727 455 850 519 hae
891 455 1181 538 picturae
1225 455 1473 534 docent,
1518 474 1646 518 non
1690 459 1825 518 tam
1856 453 2185 518 frondibus
2212 452 2536 517 luxurian-

336 555 510 621 tibus
565 561 757 640 atque
822 556 1214 622 densissimis
1272 576 1419 622 usos
1475 575 1613 620 esse
1669 560 1946 635 veteres,
2012 573 2205 639 quam
2248 553 2329 618 iis
2371 573 2537 637 quae

336 658 511 723 venti
568 657 793 722 flatum
850 678 979 724 non
1034 678 1301 744 prorsus
1357 661 1679 736 arcerent,
1737 656 1832 723 ita
1888 656 1965 721 ut
2004 659 2341 740 praeterea
2381 654 2540 721 velis

338 763 687 825 uterentur.
796 759 887 825 De
944 760 1217 826 trichilis
1274 762 1526 839 autem,
1586 759 1706 825 hoc
1762 763 1861 825 est
1913 755 2305 825 umbraculis
2347 776 2538 820 arun-

339 861 545 927 dineis
587 861 688 927 vel
731 861 1023 941 cauneis,
1069 861 1299 946 quibus
1344 864 1616 931 utuntur
1655 860 1724 926 in
1767 859 2006 926 lasciva
2033 860 2303 924 taberna
2325 857 2541 943 Copae

337 964 629 1047 Syriscae
685 964 885 1047 (apud
932 962 1284 1046 Vergilium
1331 963 1510 1046 Copa
1553 968 1623 1046 8)
1676 968 1744 1028 et
1804 964 1870 1028 in
1915 961 2120 1027 hortis
2161 959 2247 1025 ad
2288 959 2538 1045 planta-

338 1087 482 1131 rum
526 1064 800 1130 salutem
860 1064 1065 1149 (apud
1112 1064 1539 1131 Columellam
1585 1066 1635 1144 I,
1684 1066 1841 1148 394)
1884 1068 1951 1129 et
1993 1083 2159 1148 quae
2199 1062 2266 1126 in
2313 1060 2542 1127 castris

340 1167 628 1252 Pompeji
670 1167 964 1232 luxuriae
1009 1168 1282 1252 speciem
1326 1188 1483 1251 prae
1514 1189 1580 1233 se
1610 1167 1826 1233 ferunt
1853 1166 2069 1257 (Caes.
2101 1165 2248 1231 bell.
2280 1164 2395 1229 civ.
2420 1161 2540 1241 ΙΙΙ,

342 1273 444 1346 96,
500 1273 558 1348 1)
608 1269 686 1334 cf.
731 1267 1095 1335 Uhdenium
1137 1269 1204 1333 in
1248 1268 1518 1348 „Wolf’s
1560 1268 1850 1333 Museum
1880 1266 1941 1333 d.
1968 1266 2448 1332 Alterthiimer“
2491 1264 2542 1343 1,

342 1373 486 1448 538,
557 1376 624 1436 et
683 1370 999 1435 musivum
1059 1368 1219 1433 illud
1284 1369 1768 1435 celeberrimum
1824 1369 2296 1434 Palestrinense
2367 1366 2543 1453 apud

339 1473 697 1537 Bartolium
741 1470 1019 1552 „recueil
1064 1469 1142 1534 de
1183 1471 1570 1554 peintures“.
1617 1509 1698 1520 —
1744 1469 2034 1555 Denique
2076 1476 2320 1536 veteres
2362 1466 2542 1534 aliud

339 1574 537 1638 etiam
581 1572 1097 1638 umbraculorum
1142 1593 1341 1657 genus
1383 1572 1728 1639 habebant.
1839 1572 2042 1637 Muris
2084 1573 2252 1637 enim
2296 1569 2543 1636 duobus

340 1674 690 1741 humilibus
733 1674 1074 1740 exstructis
1131 1675 1224 1739 ita
1268 1680 1343 1741 ut
1388 1696 1533 1741 cum
1577 1673 1805 1742 domus
1849 1674 2121 1759 alicujus
2163 1672 2409 1757 pariete
2451 1671 2542 1738 lo·

340 1799 485 1844 cum
541 1798 583 1842 a
639 1776 848 1843 tribus
904 1775 1197 1861 partibus
1252 1776 1619 1843 conclusum
1669 1776 2018 1856 efficerent,
2081 1776 2254 1841 hunc
2295 1774 2361 1840 in
2407 1794 2543 1840 mo-

342 1880 495 1945 dum
539 1880 800 1944 tentorii
844 1877 1180 1944 frondibus
1222 1884 1289 1944 et
1330 1878 1489 1944 velis
1532 1878 1861 1962 tegebant,
1905 1879 2185 1964 parietes
2230 1876 2403 1961 ipsos
2432 1896 2545 1941 au-

339 1981 499 2046 laeis
554 1980 890 2046 ornabant.
1007 1980 1227 2045 Testes
1254 2038 1259 2043 .
1284 1980 1445 2045 certi
1502 1980 1715 2046 adhuc
1780 1980 1974 2045 etiam
2036 1980 2356 2064 Pompejis
2430 1978 2543 2043 hos

344 2103 559 2148 muros
603 2083 852 2148 modica
893 2081 1237 2147 altitudine
1282 2086 1643 2148 exstructos
1672 2081 1944 2147 inveniri
1973 2080 2310 2146 affirmant.
2376 2080 2545 2146 Muri

341 2191 558 2251 autem
602 2183 958 2250 tenuissimi
1001 2182 1153 2269 pilis
1196 2184 1262 2248 in
1306 2183 1627 2249 frontibus
1668 2203 1889 2249 eorum
1934 2184 2161 2267 positis
2190 2187 2256 2247 et
2284 2181 2544 2248 firman-

341 2294 450 2353 tur
491 2292 557 2352 et
600 2291 932 2365 ornantur,
974 2286 1042 2352 in
1089 2285 1320 2372 quibus
1363 2305 1520 2351 vasa
1563 2284 1663 2350 vel
1706 2285 1836 2350 tale
1879 2284 2035 2368 quid
2078 2283 2379 2368 imposita
2408 2305 2546 2351 esse

340 2390 653 2465 solebant.
755 2387 1088 2473 Ejusmodi
1131 2375 1510 2454 umbracula
1553 2387 1752 2453 etiam
1795 2409 1993 2472 prope
2037 2386 2331 2473 sepulcra
2357 2387 2545 2453 inve-

343 2494 499 2557 nies.
588 2492 721 2557 Nec
763 2491 993 2555 mirum
1041 2490 1180 2555 hoc.
1268 2490 1434 2555 Nam
1463 2490 1535 2554 in
1561 2489 1683 2569 his,
1725 2491 1920 2554 variis
1948 2488 2361 2574 temporibus,
2404 2509 2546 2555 coe-

344 2615 463 2659 nas
519 2593 818 2658 funebres
879 2590 1135 2656 habitas
1179 2612 1316 2656 esse
1360 2613 1478 2676 pro
1522 2597 1697 2657 certo
1742 2590 2047 2656 affirmari
2089 2596 2317 2675 potest.
2417 2591 2547 2656 Sci-

344 2715 485 2760 mus
538 2714 620 2759 ex
672 2692 893 2758 multis
949 2693 1471 2778 inscriptionibus
1528 2694 1977 2760 defunctorum
2019 2693 2410 2759 voluntatem
2454 2700 2548 2759 te·

346 2796 663 2862 stantibus
721 2815 987 2860 coenam
1032 2801 1098 2860 et
1141 2795 1318 2861 aliud
1363 2797 1624 2881 epulum
1669 2796 1862 2862 certis
1906 2796 2131 2863 diebus
2171 2795 2391 2860 amicis
2432 2817 2546 2881 pa-

349 2901 497 2965 rari.
582 2897 889 2964 Conferas
930 2897 1412 2981 inscriptionem
1458 2899 1632 2983 apud
1676 2899 1985 2983 Sponium
2029 2898 2320 2978 (Miscell.
2365 2898 2544 2963 erud.

347 3001 577 3084 antiq.)
635 2999 865 3083 „hujus
909 3001 1309 3064 monumenti
1347 3001 1456 3083 jus
1500 3000 1676 3083 quod
1719 3001 2000 3065 maceria
2041 2999 2404 3065 conclusum
2451 3006 2550 3064 est

345 3124 490 3168 cum
538 3102 793 3166 taberna
835 3108 901 3165 et
943 3101 1284 3167 coenaculo
1328 3101 1629 3165 heredem
1675 3121 1802 3167 non
1847 3106 2166 3186 sequetur,
2213 3120 2417 3185 neque
2447 3102 2549 3166 in-

348 3212 453 3269 tra
518 3203 863 3267 maceriam
930 3202 1185 3267 humari
1248 3223 1634 3286 quemquam
1700 3202 1911 3268 licet“.
2036 3202 2547 3287 Locupletissimi

347 3308 545 3373 etiam
600 3304 886 3370 triclinia
942 3304 1238 3370 funebria
1292 3305 1615 3371 habebant
1637 3309 1707 3386 ¹).
1812 3304 2027 3368 Etiam
2089 3304 2402 3384 trichilae,
2469 3306 2549 3370 de

348 3409 578 3493 quibus
617 3406 806 3471 modo
850 3405 1012 3485 dixi,
1057 3406 1124 3470 in
1170 3406 1692 3490 inscriptionibus
1721 3405 2182 3490 sepulcralibus
2209 3406 2551 3473 inveniun-

349 3517 485 3589 tur,
532 3510 626 3573 ita
670 3513 744 3573 ut
789 3508 1163 3574 umbracula
1206 3510 1380 3574 vario
1427 3508 1614 3572 modo
1657 3509 1973 3573 instructa
2014 3528 2213 3593 prope
2256 3509 2552 3592 sepulcra

349 3609 641 3684 adhibita
682 3610 876 3674 fuisse
918 3631 1280 3696 cognoscas.
1331 3651 1406 3661 —
1469 3611 1647 3688 Quae
1691 3630 1835 3673 cum
1878 3610 1973 3675 ita
2016 3610 2146 3673 sint
2188 3610 2394 3674 multa
2435 3610 2551 3674 illa

348 3711 699 3794 anaglypta
742 3712 899 3777 satis
953 3718 1135 3792 nota,
1195 3732 1360 3796 quae
1405 3711 1779 3795 Dionysium
1825 3711 1997 3796 apud
2042 3712 2316 3777 Icarium
2361 3711 2549 3777 adve-

351 3815 633 3877 nientem
679 3811 1006 3878 celebrant
1028 3816 1111 3889 ²),
1158 3820 1469 3895 quantum
1513 3813 1597 3877 ad
1644 3812 1852 3877 locum
1899 3813 2107 3896 ipsum
2150 3814 2411 3891 attinet,
2456 3814 2550 3878 ita

346 3915 539 3979 modo
584 3915 997 3997 interpretari
1043 3934 1410 3997 possumus,
1459 3920 1532 3977 ut
1576 3915 1894 3992 dicamus,
1954 3914 2394 3979 umbraculum
2437 3913 2551 3978 ali·

496 4086 536 4154 ¹)
576 4085 645 4139 cf.
684 4085 946 4139 Guhlium
985 4086 1044 4137 et
1077 4082 1365 4136 Konerum
1402 4081 1632 4150 „Leben
1669 4082 1772 4136 der
1813 4082 1908 4136 Gr.
1945 4100 1999 4134 u.
2034 4083 2226 4138 Rom.“
2261 4101 2316 4152 p.
2352 4084 2455 4138 468
2494 4086 2551 4137 et

353 4175 474 4227 770.
495 4257 541 4328 2)
580 4258 652 4314 cf.
686 4257 874 4313 Jahnii
910 4257 1079 4311 Arch.
1116 4257 1289 4310 Beitr.
1324 4274 1380 4325 p.
1423 4256 1524 4311 198
1564 4259 1672 4310 etc.
