2946 4740
1518 268 1599 329 26

459 453 512 517 si
555 456 892 532 constaret,
945 452 1241 518 aulaeum
1286 472 1415 517 non
1459 451 1656 517 aliam
1699 452 1779 517 ob
1822 472 2081 517 causam
2125 452 2230 517 hic
2272 473 2642 536 suspensum

457 576 594 623 esse
627 555 1046 640 judicandum
1089 561 1280 634 esset,
1323 574 1519 639 quam
1564 559 1637 618 ut
1675 560 2054 638 congrueret
2096 554 2253 621 baec
2283 576 2471 621 scena
2499 575 2644 619 cum

459 658 550 723 eis
592 679 758 742 quae
800 658 869 722 in
897 656 1197 722 extremis
1225 655 1518 742 partibus
1546 662 1696 720 sunt
1723 658 1988 741 positae.
2074 655 2293 740 Neque
2324 656 2443 722 hoc
2472 656 2644 741 apud

457 759 766 827 artificem
808 765 941 825 tam
985 780 1188 825 novae
1230 759 1463 824 aetatis
1518 766 1697 838 (nam
1742 760 1935 824 etiam
1975 758 2144 823 hunc
2185 757 2646 843 sarcophagum

456 862 735 929 secundo
776 861 875 929 vel
916 860 1106 927 tertio
1150 884 1209 946 p.
1258 859 1406 926 Chr.
1454 881 1517 924 n.
1563 861 1816 926 saeculo
1871 860 2247 940 attribuam)
2308 866 2475 925 esset
2529 860 2646 925 mi·

455 986 619 1031 rum.
707 968 1005 1031 Attamen
1049 970 1231 1049 puto,
1275 963 1547 1028 alteram
1586 962 1762 1028 illam
1792 963 2278 1047 explicationem
2308 984 2435 1028 non
2467 983 2648 1047 pror-

454 1089 564 1133 sus
605 1087 741 1134 esse
783 1065 1217 1152 rejiciendam,
1260 1086 1403 1131 cum
1446 1064 1568 1130 hoc
1597 1084 1852 1146 carmen
1877 1065 2190 1149 Propertii
2231 1065 2644 1149 („elegiarum

454 1171 810 1254 reginam“)
857 1169 1040 1253 cujus
1081 1171 1560 1234 monumentum
1604 1187 1720 1232 nos
1762 1166 2081 1246 admonet,
2126 1167 2241 1233 illa
2269 1173 2480 1233 aetate
2510 1187 2648 1232 sae-

454 1274 714 1357 pissime
756 1274 991 1339 lectum
1033 1290 1170 1336 esse
1212 1275 1707 1337 consentaneum
1751 1269 1853 1334 sit.
1898 1306 1984 1317 —-
2027 1307 2109 1316 -—
2157 1304 2232 1321 -—
2281 1305 2360 1319 --

600 1377 799 1444 Venio
842 1395 1009 1440 nunc
1053 1372 1136 1438 ad
1170 1373 1450 1438 'alteram
1495 1371 1886 1455 quaestionis
1928 1377 2203 1456 partem,
2248 1390 2377 1455 qua
2418 1370 2496 1435 de
2527 1390 2647 1434 usu

457 1477 738 1543 velorum
777 1479 844 1544 in
888 1475 1185 1543 fenestris
1229 1474 1667 1556 similibusque
1710 1472 2055 1540 luminibus
2096 1474 2245 1540 latis
2271 1472 2648 1538 claudendis

453 1580 908 1665 disputandum
950 1583 1068 1644 est.
1156 1576 1478 1642 Beckerus
1518 1576 1586 1640 in
1631 1575 1793 1641 libro
1851 1576 2155 1655 ‚,Gallus“
2205 1576 2509 1660 inscripto
2557 1575 2648 1640 fe-

455 1687 704 1747 nestras
758 1682 931 1766 ipsas
982 1677 1206 1765 primis
1249 1678 1642 1763 temporibus
1685 1677 2000 1743 foramina
2042 1679 2235 1744 fuisse
2279 1678 2466 1758 dicit,
2533 1683 2649 1743 aut

452 1785 709 1849 omnino
765 1804 920 1862 non,
983 1787 1101 1848 aut
1141 1782 1426 1848 forioulis
1463 1781 1703 1847 clausa.
1791 1781 1986 1847 Recte
2025 1782 2094 1847 id
2138 1782 2412 1865 quidem.
2519 1779 2647 1846 Sed

452 1888 584 1951 vita
627 1887 923 1970 victuque
966 1884 1401 1951 Romanorum
1444 1884 1708 1969 paulum
1752 1889 2004 1949 tantum
2060 1883 2313 1950 exculto
2356 1884 2513 1949 haec
2553 1880 2648 1950 fo-

452 1988 657 2055 ricula
713 2009 868 2053 num
927 2005 1186 2073 prorsus
1231 1986 1625 2066 suffecerint,
1687 1992 1761 2051 ut
1801 1990 1868 2052 et
1911 1992 2168 2052 ventum
2209 1991 2278 2052 ‘et
2323 1986 2646 2071 pulverem

450 2096 762 2169 arcerent,
807 2090 1101 2157 dubitare
1147 2089 1312 2155 licet.
1399 2088 1626 2154 Nonne
1652 2089 1975 2169 Varronis,
2020 2109 2185 2172 quae
2222 2089 2355 2172 jam
2380 2089 2647 2154 laudata

450 2199 601 2261 sunt
630 2191 825 2259 verba
855 2191 1038 2273 „vela
1078 2191 1286 2261 solent
1326 2191 1628 2277 suspendi
1671 2192 1754 2257 ad
1797 2191 2238 2275 excipiendum
2280 2191 2641 2275 pulverem“

448 2295 760 2383 imprimis
804 2293 885 2359 ad
930 2293 1090 2375 vela,
1135 2314 1300 2379 quae
1341 2292 1655 2360 fenestras
1702 2300 1767 2358 et
1807 2314 1885 2359 ea
1928 2313 2093 2379 quae
2135 2299 2356 2378 portas
2393 2294 2645 2360 claude-

450 2400 633 2478 bant,
690 2397 1028 2464 referenda
1088 2419 1224 2465 esse
1281 2398 1515 2483 putas?
1622 2396 1934 2481 Equidem
1980 2416 2233 2476 censeo,
2301 2407 2643 2481 antequam

448 2502 722 2567 Romani
763 2501 1053 2567 vitreatis
1092 2500 1442 2568 luminibus
1484 2504 1852 2579 uterentur,
1917 2499 2036 2565 hoc
2079 2505 2177 2564 est
2218 2505 2369 2565 ante
2410 2500 2642 2565 Varro-

410 2627 415 2634 ·
448 2605 547 2670 nis
591 2610 871 2670 aetatem
914 2604 1070 2671 velis
1113 2625 1219 2670 eos
1263 2604 1578 2668 fenestras
1620 2602 2032 2681 concludisse,
2076 2601 2188 2685 qui
2225 2623 2379 2668 usus
2421 2607 2645 2687 postea

449 2707 642 2773 etiam
702 2712 993 2773 servatus
1051 2711 1167 2772 est.
1277 2705 1519 2770 Plinius
1582 2706 1752 2770 enim
1808 2705 1951 2789 (Ep.
2003 2704 2141 2769 VII.
2190 2707 2289 2784 21,
2341 2704 2402 2786 1)
2448 2705 2642 2770 dicit:

448 2808 801 2890 „Cubicula
864 2809 1154 2874 obductis
1214 2807 1367 2873 velis
1425 2827 1625 2891 opaca
1683 2828 1802 2872 nec
1862 2812 2075 2872 tamen
2137 2806 2402 2872 obscura
2455 2806 2642 2871 facio·

451 2911 975 2997 Cryptoporticus
1028 2931 1282 2995 quoque
1336 2909 1659 2994 adopertis
1715 2909 2123 2975 inferioribus
2165 2909 2459 2974 fenestris
2502 2914 2645 2974 tan-

448 3021 587 3082 tum
630 3013 922 3094 umbrae,
966 3018 1280 3098 quantum
1325 3011 1588 3077 luminis
1631 3011 1840 3076 habet.
1941 3013 2044 3077 Sic
2085 3011 2391 3097 paulatim
2435 3012 2641 3077 lucem

448 3118 618 3184 ferre
660 3117 1016 3183 condisco“.
1104 3115 1326 3201 Neque
1373 3115 1542 3179 bunc
1586 3135 1769 3179 usum
1814 3114 2006 3179 fuisse
2050 3114 2468 3197 singularem,
2526 3136 2643 3181 nec

448 3221 589 3286 vela
631 3221 753 3286 nisi
776 3218 946 3305 quod
977 3218 1224 3284 Plinius
1255 3218 1454 3283 oculis
1484 3216 1807 3282 laboraret
1834 3217 2026 3282 fuisse
2058 3217 2364 3297 adhibita,
2394 3238 2642 3283 summa

449 3324 878 3389 Romanorum
925 3321 1206 3387 ostendit
1248 3341 1420 3398 cura,
1465 3341 1548 3384 ne
1592 3319 1880 3385 aedificia
1925 3320 2075 3385 solis
2118 3326 2297 3384 aestu
2330 3320 2639 3386 laborent.

449 3426 573 3506 Qui
613 3425 903 3510 paullum
955 3429 1209 3489 tantum
1255 3423 1530 3488 Vitruvii
1573 3426 1946 3507 praecepta,
2006 3421 2322 3504 Pliniique
2366 3422 2639 3506 descrip-

447 3530 655 3596 tiones
697 3528 991 3594 villarum
1037 3526 1410 3611 inspexerit,
1477 3526 1544 3591 id
1587 3546 1834 3609 semper
1877 3522 2154 3588 studium
2198 3525 2637 3606 gravissimum

448 3651 585 3696 esse
641 3635 1003 3713 cognoscet,
1061 3636 1134 3694 ut
1177 3629 1470 3695 cubicula
1524 3629 1764 3692 aestiva
1808 3626 1924 3691 soli
1970 3627 2238 3690 adversa
2279 3629 2488 3710 posita
2529 3627 2639 3692 fri-

447 3732 598 3817 gida
651 3732 808 3813 sint,
864 3731 1157 3797 cubicula
1212 3731 1481 3795 hiberna
1523 3730 1747 3795 calida.
1854 3728 1978 3794 Sed
2022 3727 2144 3793 hac
2188 3729 2330 3813 ipsa
2373 3729 2638 3813 disposi-

448 3835 620 3901 tione
681 3839 923 3899 veteres
979 3832 1194 3898 omnia
1251 3852 1418 3915 quae
1476 3830 1864 3917 appetebant
1939 3852 2075 3896 esse
2146 3833 2409 3915 adeptos
2464 3834 2639 3898 credi

449 3959 574 4003 non
630 3941 869 4022 potest3
936 3954 1080 3999 cum
1136 3934 1467 4020 paullatim
1517 3955 1596 3997 ex
1640 3934 2061 4000 fenestra-rum
2106 3933 2417 4017 angustiis
2460 3931 2636 4000 latis-

448 4042 611 4106 sima
666 4044 732 4104 et
792 4037 1105 4104 altissima
1162 4036 1404 4101 lumina
1446 4037 1577 4101 sint
1618 4036 1808 4103 facta.
1894 4037 2055 4102 Nam
2102 4058 2225 4104 non
2269 4036 2456 4102 modo
2500 4059 2639 4121 cry-

445 4144 867 4228 ptoporticus,
912 4140 1341 4205 Romanorum
1384 4160 1574 4226 saepe
1617 4139 1880 4206 deliciae
1921 4145 1988 4204 et
2015 4160 2259 4207 amores
2289 4145 2355 4204 et
2383 4141 2640 4207 aestivis

448 4251 515 4312 et
570 4244 850 4311 hibernis
909 4244 1330 4330 temporibus,
1386 4245 1454 4308 in
1512 4243 1821 4310 ambabus
1878 4243 2196 4309 frontibus
2255 4243 2529 4324 „bifores
2571 4248 2637 4308 et
