2946 4740
130 98 297 287 ,s

1467 247 1548 306 24

400 437 732 520 »lectusque
777 434 1044 519 genialis
1087 434 1153 497 in
1196 432 1417 497 eodem
1476 450 1726 512 semper
1785 429 2034 490 starent
2105 422 2261 488 loco.
2370 420 2595 502 Itaque

406 538 641 605 atrium
699 537 762 602 in
822 536 921 601 his
979 535 1269 600 omnibus
1314 531 1676 616 anaglyptis
1718 525 2197 610 intelligendum
2241 542 2376 587 esse
2420 525 2595 605 puto,

406 639 511 705 ubi
546 640 951 703 dexterarum
976 638 1223 722 junctio
1265 635 1680 720 cognoscitur.
1767 631 1911 696 Jam
1953 650 2031 694 ex
2060 626 2344 711 Vergilii,
2389 623 2597 689 Sallu·

406 742 541 821 stii,
599 740 837 805 Valerii
883 740 1176 816 Maximi,
1221 738 1493 804 aliorum
1539 735 1695 800 locis
1738 731 2171 815 cognovimus,
2215 749 2356 792 cum
2400 728 2470 791 in
2500 745 2599 790 sa-

405 845 530 911 cris
575 842 959 921 domesticis,
1003 843 1140 906 tum
1188 841 1366 906 festis
1410 839 1780 925 nuptiarum
1825 834 2048 899 diebus
2092 832 2323 896 atrium
2356 828 2600 895 aulaeis

406 967 544 1012 esse
586 945 955 1010 distinctum
998 949 1191 1027 atque
1236 949 1553 1009 ornatum.
1639 940 1800 1005 Cum
1843 937 2039 1020 igitur
2083 934 2365 1016 sculptor
2393 951 2601 997 sarco-
2659 973 2669 981 -

406 1048 599 1132 phagi
657 1046 735 1111 de
795 1045 935 1111 sala
992 1046 1159 1110 delle
1204 1047 1381 1111 Muse
1425 1043 1939 1130 parapetasmate
1984 1055 2210 1118 agmen
2254 1034 2601 1100 sacrificale

406 1157 473 1216 et
529 1150 937 1215 dexterarum
990 1149 1393 1231 junctionem
1448 1146 1856 1213 concluderet
1911 1139 1980 1202 in
2024 1138 2224 1216 atrio,
2268 1137 2372 1202 cui
2413 1137 2602 1217 fores,

408 1273 521 1337 per
578 1272 735 1335 quas
779 1251 892 1316 bos
935 1252 1195 1316 victima
1238 1251 1557 1334 graditur,
1618 1247 1853 1333 optime
1899 1245 2051 1306 sunt
2092 1244 2312 1323 aptae,
2368 1239 2602 1305 artifex

409 1353 782 1436 sarcophagi
838 1352 914 1418 de
977 1353 1038 1417 S.
1085 1353 1370 1420 Lorenzo
1429 1354 1833 1418 dexterarum
1887 1342 2277 1429 junctionem
2334 1342 2604 1408 secludit

410 1477 452 1522 a
505 1455 783 1538 reliquis.
887 1455 1046 1522 Cum
1103 1455 1202 1520 his
1248 1457 1486 1540 optime
1532 1452 1841 1536 congruit,
1885 1449 1954 1513 in
1995 1445 2103 1511 illo
2150 1465 2276 1508 non
2321 1444 2444 1508 nisi
2486 1445 2603 1509 hu·

411 1577 633 1623 manas
676 1578 789 1622 nos
831 1558 1192 1641 conspicere
1237 1556 1505 1642 figuras,
1549 1556 1616 1620 in
1660 1556 1779 1620 hoc
1823 1570 2053 1636 agmen
2097 1547 2359 1614 deorum
2388 1547 2603 1632 impri-

412 1660 532 1724 mis
574 1680 744 1737 esse,
789 1661 958 1743 quod
1003 1660 1194 1726 etiam
1216 1712 1231 1741 ,
1289 1681 1433 1725 cum
1477 1678 1745 1743 sponsus
1788 1656 1994 1721 denuo
2037 1654 2382 1734 appareat,
2445 1657 2605 1715 tem-

410 1783 563 1846 pore
621 1761 978 1845 sejunctum
1038 1768 1135 1827 est
1188 1783 1228 1827 a
1290 1763 1699 1828 dexterarum
1748 1757 2096 1842 junctione.
2207 1755 2605 1838 Quamquam

413 1864 672 1930 minime
730 1864 996 1931 mirarer
1055 1867 1129 1931 si
1154 1866 1344 1930 etiam
1391 1866 1457 1929 in
1504 1861 1894 1945 sarcophago
1938 1861 2015 1925 de
2061 1858 2121 1924 S.
2170 1869 2470 1933 Lorenzo‘
2493 1880 2607 1944 pa-

412 1972 776 2051 rapetasma
820 1968 1012 2032 etiam
1059 1988 1284 2051 agmen
1328 1967 1488 2032 illud
1529 1963 1951 2032 concluderet.
2040 1968 2202 2034 Nam
2233 1972 2300 2034 in
2329 1966 2608 2053 spatioso

414 2070 576 2135 atrio
633 2090 870 2153 pompa
926 2070 1085 2134 bene
1141 2068 1278 2134 fieri
1322 2075 1559 2155 potest,
1624 2088 1766 2133 cum
1807 2068 2214 2136 dexterarum
2249 2071 2498 2156 junctio
2541 2070 2607 2134 in

414 2178 703 2237 extrema
745 2176 930 2256 parte
973 2173 1149 2251 atrii,
1192 2172 1301 2236 ubi
1349 2173 1550 2242 lectus
1591 2170 1858 2256 genialis
1900 2171 2146 2251 stabat,
2194 2174 2460 2258 cogitari
2503 2173 2611 2239 de·

418 2275 583 2339 beat.
671 2273 791 2338 Sed
840 2295 963 2339 non
1012 2274 1372 2359 oportebat;
1437 2275 1631 2339 etiam
1663 2272 1896 2337 artifex
1928 2277 2307 2342 necessitate
2351 2275 2613 2341 tabulae

418 2378 590 2444 illius
648 2378 1077 2462 inscriptionis
1147 2380 1525 2443 statuendae
1588 2376 2128 2457 commovebatur,
2191 2385 2263 2443 ut
2319 2378 2612 2444 aulaeum

420 2502 545 2545 non
591 2480 865 2564 amplius
908 2480 1274 2564 explicaret.
1363 2480 1662 2545 Ceterum
1704 2478 1853 2543 licet
1883 2481 2118 2562 cogites
2150 2481 2228 2545 de
2257 2481 2612 2547 imitatione

419 2583 851 2667 exemplorum
883 2583 1272 2647 Graecorum
1314 2582 1483 2647 idem
1528 2581 1696 2665 quod
1742 2581 2181 2663 Rossbachius,
2230 2584 2296 2648 in
2343 2606 2417 2649 eo
2447 2583 2616 2668 quod

422 2692 697 2768 quatuor
740 2685 912 2764 illas,
944 2704 1121 2770 quae
1153 2685 1438 2750 tabulam
1470 2685 1710 2762 ferunt,
1757 2682 2081 2748 columnas
2110 2706 2253 2749 cum
2284 2687 2362 2752 iis
2394 2686 2613 2771 templi

423 2788 710 2852 Thetidis
767 2789 833 2851 in
888 2809 1064 2865 vase,
1123 2788 1295 2871 quod
1344 2787 1922 2869 „Francois-Vase“
1972 2808 2294 2868 vocamus,
2347 2809 2614 2874 xcompa-

423 2889 659 2955 randas
702 2910 834 2955 esse
878 2895 1093 2975 putat,
1139 2891 1323 2961 valde
1369 2910 1615 2955 errasse
1659 2890 1928 2954 videtur.
2019 2890 2474 2957 Columnarum
2517 2911 2616 2955 or-

425 2993 634 3058 dinem
668 2993 984 3077 explicare
1015 2993 1255 3071 studet,
1288 3014 1433 3057 cum
1463 2992 1668 3057 dicat:
1720 2992 1986 3073 „Latum
2021 2993 2181 3060 illud
2210 2992 2617 3075 mesostylum

426 3097 491 3159 in
537 3096 744 3161 medio
791 3096 1230 3160 columnarum
1275 3095 1655 3177 significatio
1702 3100 1799 3158 est
1843 3093 2142 3161 introitus
2187 3096 2253 3161 in
2298 3096 2617 3161 domum“.

427 3199 730 3262 Attamen
776 3198 1178 3281 symmetriae
1222 3198 1393 3283 leges
1439 3197 1884 3282 simplissimae
1928 3197 2098 3262 hunc
2144 3198 2433 3263 ordinem
2478 3219 2621 3265 evo-

428 3306 595 3365 cant.
700 3300 873 3365 Nihil
931 3300 1105 3364 aliud
1166 3300 1289 3365 dici
1324 3306 1560 3386 ,potest
1603 3305 1795 3384 atque
1841 3299 1991 3364 hoc:
2067 3300 2217 3365 deos
2260 3302 2465 3386 excipi
2508 3305 2621 3367 aut

429 3408 579 3467 ante
623 3403 901 3486 spatium
947 3403 1255 3468 columnis
1299 3402 1529 3468 fultum
1577 3403 1752 3467 aedis
1796 3401 2083 3485 alicujus,
2122 3409 2236 3468 aut
2278 3405 2343 3467 in
2383 3405 2619 3470 eodem.

432 3544 512 3553 -
553 3506 730 3584 Quod
764 3511 977 3571 cetera
1008 3506 1369 3590 hujusmodi
1398 3510 1807 3571 monumenta
1837 3506 2088 3583 attinet,
2118 3506 2477 3591 ubicunque
2509 3528 2623 3592 pa-

430 3613 796 3693 rapetasma
824 3609 1233 3674 dexterarum
1261 3610 1447 3676 modo
1464 3609 1881 3691 junctionem,
1914 3629 2041 3672 non
2070 3608 2449 3674 sacrificium
2476 3631 2624 3675 con-

431 3710 645 3788 cludit,
692 3711 809 3775 hoc
854 3710 1232 3777 sacrificium
1276 3712 1595 3797 publicum
1643 3716 1757 3786 est,
1804 3710 1968 3793 quod
2005 3712 2263 3795 nuptias
2292 3711 2461 3795 ipsas
2491 3734 2620 3777 non
2697 3695 2710 3706 ’

432 3814 669 3897 tangit3
714 3813 978 3899 ideoque
1014 3821 1171 3881 ¹ante
1215 3816 1522 3899 templum
1568 3813 1824 3897 aliquod
1855 3813 2224 3899 plerumque
2272 3815 2407 3878 fieri
2440 3814 2616 3879 solet.

436 3916 743 3980 Conferas
784 3919 1243 4002 sarcophagum
1302 3919 1489 3981 villae
1533 3917 1854 3981 Tavernae
1899 3917 2070 4001 apud
2116 3916 2335 3981 Rossb.
2380 3917 2444 3980 in
2489 3917 2619 3982 tab.

437 4018 488 4096 I,
545 4019 742 4085 alium
790 4042 956 4085 nunc
1000 4020 1341 4105 perditum,
1403 4040 1593 4103 quem
1638 4018 1943 4102 Gorius1)
1988 4020 2053 4084 in
2096 4020 2299 4087 lucem
2346 4020 2624 4105 protule-

580 4249 619 4317 1)
658 4245 920 4315 Inscript.
957 4245 1127 4312 antiq.
1166 4245 1258 4311 111,
1297 4247 1384 4297 34.
