2946 4740
1504 286 1579 345 16

442 469 612 535 tibus
664 468 901 533 similia
956 467 1372 550 intelligenda
1431 474 1614 545 sunt,
1683 467 1920 550 quibus
1968 488 2043 531 ne
2088 467 2378 550 picturae
2424 463 2489 527 in
2535 484 2640 530 co-

441 571 679 636 lumnis
722 575 1104 654 tempestate
1131 569 1487 652 perdantur
1517 560 1876 652 prohibent.
1964 567 2170 631 Festis
2214 565 2437 630 diebus
2479 565 2642 628 haec

442 675 613 738 retia
651 672 1003 750 solvuntur,
1049 677 1163 735 aut
1207 672 1499 754 pretiosis
1544 670 1700 734 velis
1740 676 2050 735 ornantur
2080 669 2444 744 columnae;
2492 687 2641 730 nam

443 776 588 840 vela
628 794 836 857 „quae
880 778 1033 837 sunt
1073 773 1244 837 circa
1285 774 1655 837 columnas“
1704 773 1765 836 111
1811 772 2057 855 priore,
2115 789 2304 852 quem
2348 767 2649 851 produxi,

446 878 852 961 Digestorum
897 875 1055 952 1000,
1102 879 1322 957 aperte
1367 875 1540 939 hunc
1584 895 1768 937 usum
1815 873 2277 938 demonstrant.
2347 869 2644 934 Reticula

445 984 661 1044 autem
730 975 842 1040 illa
906 976 1161 1059 saepius
1227 976 1292 1039 in
1359 996 1676 1040 marmore
1734 973 2173 1039 columnarum
2219 971 2648 1036 imitabantur

445 1086 721 1157 veteres,
781 1078 967 1160 cujus
1023 1077 1117 1140 rei
1160 1082 1578 1142 monumenta
1620 1076 2010 1159 Pompejana
2053 1079 2205 1139 sunt
2247 1080 2461 1138 testes.
2550 1072 2644 1136 De

447 1179 735 1245 reticulis
798 1180 993 1244 etiam
1062 1177 1280 1241 Aelius
1345 1176 1705 1261 Spartanus
1770 1177 1961 1257 dicit,
2055 1177 2164 1260 qui
2231 1175 2468 1239 lectum
2528 1175 2642 1238 mi·

448 1288 608 1348 nuto
671 1280 942 1345 reticulo
1003 1286 1457 1344 commemorat
1519 1279 1629 1363 (cf.
1690 1277 1820 1343 Ael.
1865 1279 2069 1344 Verus
2144 1298 2242 1360 cp.
2305 1282 2396 1354 5).
2524 1275 2644 1339 Hic

449 1383 797 1462 „cancelli“
841 1380 1018 1446 nullo
1063 1379 1254 1445 modo
1298 1380 1571 1465 intelligi
1612 1386 1913 1465 possunt,
1960 1378 2279 1464 quomodo
2325 1377 2646 1442 Bottiche-

451 1507 563 1549 rus
597 1491 651 1561 ¹)
695 1483 967 1549 reticula
1006 1482 1471 1565 interpretatur
1495 1532 1511 1560 ,
1585 1502 1751 1566 quae
1808 1482 1873 1547 in
1937 1482 2213 1565 Digestis
2273 1499 2648 1547 commemo-

449 1593 708 1667 rantur3
783 1587 1003 1669 itaque
1061 1589 1332 1668 utroque
1384 1585 1523 1650 loco
1568 1585 1950 1649 vestimenta
1992 1584 2092 1649 vel
2137 1586 2497 1649 tutamenta
2540 1601 2646 1644 ve·

452 1689 660 1755 lorum
701 1687 843 1754 -loco
884 1686 1180 1752 adhibita
1220 1691 1372 1751 sunt
1410 1685 1846 1768 intelligenda.

622 1789 769 1854 Jam
815 1809 963 1854 vero
1008 1810 1151 1853 011111
1195 1788 1348 1853 aula
1391 1787 1617 1853 domus
1660 1788 2025 1853 umbrosam
2061 1795 2257 1872 atque
2296 1784 2650 1871 jucundam

452 1889 669 1956 sedem
712 1891 1049 1974 praeberet
1071 1938 1087 1970 ,
1158 1890 1340 1973 cujus
1395 1891 1852 1955 amoenitatem
1896 1890 1962 1955 in
2009 1889 2498 1974 locupletiorum
2542 1886 2654 1951 do-

454 1991 664 2057 mibus
708 1995 969 2076 praeter
1011 1991 1239 2056 viridia
1285 1991 1498 2056 fontes
1541 1995 1608 2055 et
1649 2011 1858 2076 aquae
1903 1990 2205 2056 salientes
2234 1989 2558 2074 augebant
2579 1993 2651 2067 ²),

459 2093 639 2158 vario
681 2093 870 2157 modo
911 2101 1157 2159 veteres
1201 2115 1279 2158 ea
1323 2093 1699 2173 utebantur,
1776 2099 1841 2160 et
1901 2100 1978 2160 111
2018 2113 2280 2158 coenam
2332 2091 2421 2156 ibi
2467 2111 2651 2174 pren-

460 2195 706 2273 derent,
751 2200 818 2259 et
859 2194 1116 2278 negotia
1143 2200 1517 2261 tractarent.
1605 2197 1771 2262 Nam
1813 2196 2008 2260 etiam
2054 2199 2359 2279 porticus,
2399 2191 2500 2257 vel
2541 2212 2658 2257 au·

459 2297 562 2361 lae
621 2295 906 2379 singulas
939 2326 951 2335 ·
962 2303 1179 2381 partes
1238 2297 1397 2362 velis
1453 2298 1537 2363 ab
1596 2298 1891 2363 columna
1947 2297 2168 2381 aliqua
2218 2297 2299 2361 ad
2344 2297 2655 2380 parietem

461 2400 796 2468 adversum
841 2399 1051 2465 ductis
1092 2400 1461 2483 saepissime
1506 2421 1641 2465 esse
1683 2399 1921 2465 divisas
1965 2398 2301 2483 Helbigius
2322 2401 2375 2480 ³)
2420 2401 2649 2470 monet,

461 2522 604 2567 011111
650 2501 970 2585 Pompejis
1013 2499 1181 2567 clavi
1222 2522 1350 2566 11011
1395 2502 1584 2567 modo
1624 2504 1689 2567 in
1736 2502 2060 2585 superiore
2104 2507 2289 2585 parte
2333 2498 2648 2564 columna·

460 2626 606 2670 rum
663 2602 777 2669 sed
833 2604 1030 2669 etiam
1081 2604 1147 2668 111
1191 2591 1476 2669 adversis
1516 2604 1868 2688 parietibus
1912 2603 2344 2669 inveniantur.
2426 2600 2653 2680 Itaque

461 2709 516 2773 si
558 2706 833 2773 Vulcani
875 2704 1193 2772 officinam
1235 2706 1329 2771 ita
1372 2706 1693 2791 depictam
1751 2725 1889 2769 esse
1946 2703 2235 2770 videmus
2268 2709 2321 2783 4)
2381 2707 2454 2768 ut
2504 2719 2659 2783 pars

336 2807 340 2818 *
461 2809 645 2875 aedis
682 2808 993 2876 columnis
1054 2808 1258 2873 fultae
1313 2809 1459 2886 velo
1513 2807 1968 2887 concludatur,
2041 2807 2162 2873 hoc
2218 2827 2348 2871 non
2404 2801 2658 2886 ingenio

461 2914 583 2978 soli
644 2918 839 2995 atque
900 2910 1154 2975 libidini
1213 2916 1462 2976 tantum
1508 2908 1776 2978 artificis
1831 2909 2299 2993 adscribamus,
2359 2905 2470 2989 qui
2514 2924 2658 2989 par-

464 3020 565 3079 tes
606 3014 894 3099 picturae
935 3012 1237 3078 reductas
1280 3012 1539 3096 explere
1582 3012 1887 3091 voluerit,
1942 3012 2053 3077 sed
2071 3061 2086 3090 ,
2131 3028 2517 3094 quamquam
2565 3005 2663 3069 ita

464 3137 566 3183 res
623 3115 1006 3181 distribuere
1063 3114 1328 3180 artificis
1383 3134 1521 3179 esse
1585 3135 1712 3180 non
1782 3114 1971 3180 modo
2028 3112 2433 3179 concedimus
2456 3159 2472 3188 ,
2546 3106 2660 3171 sed

464 3217 660 3284 etiam
705 3222 780 3282 ut
822 3216 915 3281 ita
957 3221 1114 3300 agat
1151 3216 1489 3300 poscimus,
1536 3238 1615 3281 ex
1659 3237 1776 3281 usu
1821 3222 2105 3281 veterum
2140 3213 2463 3281 cotidiano
2492 3228 2663 3273 sum-

465 3325 648 3405 ptum
688 3336 826 3384 esse
869 3323 1162 3401 apparet.
1247 3318 1433 3384 Hanc
1487 3323 1705 3402 partes
1766 3317 2017 3401 aliquas
2071 3316 2299 3382 domus
2358 3303 2511 3377 velis
2553 3309 2663 3375 ob-

467 3421 678 3489 ductis
732 3418 1106 3504 segregandi
1165 3421 1619 3486 amoenitatem
1663 3419 1889 3484 Graeci
1935 3418 2072 3502 jam
2123 3413 2461 3500 Hyperidis
2503 3416 2665 3476 tem-

467 3522 731 3608 poribus
773 3527 1222 3604 cognoverant.
1311 3521 1538 3586 Pollux
1581 3522 1751 3586 enim
1797 3522 1933 3601 (IV,
1984 3524 2093 3601 22)
2154 3517 2346 3599 hujus
2392 3513 2668 3579 oratoris

470 3624 665 3690 verba
721 3622 910 3688 affert
970 3642 1048 3687 ex
1107 3623 1397 3687 oratione
1439 3618 1609 3686 κατὰ
1651 3620 2108 3708 Πατροκλέους
2126 3646 2146 3685 .·
2214 3612 2321 3699 „oi
2368 3614 2443 3681 δὲ
2485 3612 2669 3679 ἐννέα

470 3720 773 3813 ἄρχοντες
813 3718 1152 3790 εἱστιῶντο
1196 3720 1264 3789 ἐν
1309 3728 1390 3809 τῇ
1435 3728 1599 3810 στοᾷ
1644 3717 2198 3811 περιφραξάμενοί
2240 3744 2307 3787 τι
2334 3717 2529 3804 μέρος
2556 3711 2672 3780 αὐ·-

477 3886 560 3893 -—-

617 3982 656 4049 ¹)
727 3978 1008 4033 Tektonik
1047 3976 1152 4031 der
1186 3967 1462 4032 Hellenen
1501 3973 1589 4043 IV,
1627 3993 1683 4044 p.
1723 3976 1807 4031 68.

562 4091 567 4095 ·
616 4069 657 4136 ²)
729 4067 801 4121 cf.
835 4066 978 4119 Gell.
1013 4065 1269 4135 Pompeii
1307 4066 1376 4132 11,
1413 4067 1499 4131 64,
1533 4081 1588 4131 p.
1635 4066 1749 4116 144.

498 4211 501 4218 ,
615 4156 658 4223 ⁸)
733 4152 1239 4221 Untersuchungen
1279 4152 1422 4205 iiber
1458 4152 1552 4203 die
1591 4165 1843 4217 campan.
1884 4147 2300 4201 Wandmalerei
2339 4163 2395 4213 p.
2434 4148 2553 4199 3-11.

614 4242 658 4312 ⁴)
731 4241 799 4294 cf.
838 4239 1086 4307 Helbigii
1123 4236 1573 4306 Wandgema'lde
1611 4236 1707 4288 Nr.
1749 4236 1959 4301 131803
2007 4235 2077 4287 cf.
2111 4234 2227 4286 tab.
2270 4236 2333 4285 17
2350 4248 2397 4283 0.
