2946 4740
1382 273 1462 335 27

321 456 647 523 valvatas“
707 455 1020 520 fenestras
1076 455 1397 521 habebant
1466 457 1572 541 (cf.
1621 456 1783 521 Plin.
1838 478 1936 542 ep.
1985 457 2065 522 II.
2134 462 2227 536 17,
2291 462 2368 522 16
2430 458 2511 523 de

328 556 838 643 cryptoporticu:
896 558 1221 642 utrimque
1266 558 1585 624 fenestrae
1627 578 1669 623 a
1711 562 1876 625 mari
1919 559 2153 645 plures,
2198 559 2279 625 ab
2324 558 2512 627 horto

329 660 652 746 pauciores
709 659 820 725 sed
873 660 1138 726 alternis
1197 659 1512 746 singulae)
1572 660 1682 725 sed
1723 661 2031 745 plurima,
2096 660 2251 746 quin
2296 682 2515 729 omnes

330 763 456 828 fere
498 761 790 828 cubicula
833 761 941 846 (cf.
984 761 1142 827 Plin.
1193 763 1266 828 V.
1317 766 1373 843 6,
1419 766 1498 828 29
1545 762 1920 848 [triclinium
1950 762 2145 847 quod]
2187 762 2516 831 latissimis

326 865 621 931 fenestris
662 864 883 930 vineas
923 902 1008 912 —
1051 866 1236 948 quasi
1292 864 1631 951 admittit).
1744 865 1921 946 Quae
1964 865 2306 947 fenestrae,
2368 887 2514 933 cum

324 967 751 1052 specularium
808 987 959 1031 usus
1014 968 1099 1032 sit
1139 967 1573 1053 pervulgatus,
1636 966 1864 1052 quanti
1906 968 2210 1035 momenti
2253 968 2511 1047 fuerint,

323 1091 405 1134 ex
463 1090 539 1135 eo
596 1068 808 1153 colligi
848 1073 1087 1154 potest,
1146 1068 1318 1153 quod
1359 1089 1401 1134 a
1443 1067 1648 1134 Plinio
1693 1090 1769 1135 ea
1813 1067 2127 1154 imprimis
2169 1070 2516 1138 laudantur

324 1171 653 1250 cubicula,
717 1191 880 1256 quae
933 1170 1215 1257 undique
1258 1177 1446 1237 erant
1488 1172 1815 1259 perforata
1873 1171 2301 1252 („cubiculum
2345 1174 2516 1259 quod
2643 1198 2648 1201 ·

325 1274 641 1342 ambitum
703 1272 850 1340 solis
905 1273 1200 1340 fenestris
1258 1275 1550 1340 omnibus
1593 1274 1965 1359 sequitur“).
2053 1275 2303 1360 Ubique
2345 1275 2513 1344 fene-

325 1385 497 1444 stras
540 1374 716 1442 'velis
781 1375 1073 1442 obductis
1127 1376 1340 1443 claudi
1398 1376 1680 1461 potuisse
1743 1381 1918 1462 puto.
2027 1377 2256 1463 Itaque
2319 1379 2514 1446 etiam

326 1480 522 1549 verba
566 1478 775 1545 Ovidii
819 1479 1013 1562 (A.A.
1048 1479 1164 1560 III,
1197 1484 1379 1561 807):
1430 1479 1600 1561 „Nec
1642 1477 1846 1544 lucem
1890 1480 1957 1544 in
2000 1478 2320 1547 thalamos
2363 1481 2517 1548 totis

325 1583 597 1649 admitte
651 1582 985 1648 fenestris“
1046 1580 1127 1647 ad
1185 1579 1355 1646 hunc
1410 1601 1596 1646 usum
1640 1579 1924 1648 velorum
1965 1580 2192 1649 refero.
2298 1581 2394 1648 Ne
2448 1581 2516 1649 id

327 1686 585 1772 quidem
643 1683 844 1750 refelli
899 1705 1081 1768 posse
1131 1683 1379 1769 judico,
1439 1684 1634 1750 etiam
1689 1683 2049 1750 ornamenti
2093 1683 2516 1751 fenestrarum

327 1809 524 1854 causa
565 1786 707 1853 vela
749 1806 790 1855 a
816 1784 1119 1853 Romanis
1162 1784 1452 1852 adhibita
1495 1806 1650 1853 esse.
1737 1786 2061 1867 Quomodo
2091 1790 2304 1851 autem
2344 1788 2516 1872 apud

328 1898 572 1958 veteres
616 1887 1039 1976 specularium
1082 1897 1149 1955 et
1191 1889 1471 1955 velorum
1514 1909 1666 1954 usus
1710 1888 2087 1974 conjunctus
2119 1889 2330 1969 fuerit,
2374 1889 2517 1956 aliis

328 1994 519 2060 Plinii
562 1993 767 2059 verbis
810 1992 1003 2078 plane
1045 1990 1536 2070 demonstratur,
1606 2011 1748 2057 cum
1792 1990 1909 2077 Ep.
1957 1991 2042 2056 II.
2093 1996 2189 2072 17,
2235 1994 2312 2054 21
2361 1991 2518 2059 haec

326 2097 598 2163 habeat:
657 2096 939 2176 „Contra
1004 2094 1312 2180 parietem
1372 2094 1699 2175 (cubiculi)
1760 2092 2034 2159 mediam
2074 2093 2337 2160 zotheca
2376 2114 2519 2179 per·

327 2219 522 2283 quam
566 2198 892 2283 eleganter
934 2197 1203 2277 recedit,
1247 2218 1411 2282 quae
1454 2196 1891 2283 specularibus
1935 2200 2001 2262 et
2039 2196 2197 2261 velis
2227 2193 2519 2263 obductis

326 2300 684 2367 reductisve
742 2299 930 2366 modo
986 2299 1267 2367 adicitur
1319 2297 1627 2381 cubicuIO,
1685 2297 1871 2366 modo
1914 2298 2263 2364 aufertur“.
2354 2299 2518 2366 Con-

327 2405 503 2471 clave
549 2405 744 2490 igitur
785 2404 1112 2485 habemus,
1158 2401 1329 2488 quod
1370 2402 1614 2468 foribus
1657 2407 1828 2468 certe
1872 2401 2022 2469 latis
2065 2408 2131 2468 et
2171 2402 2408 2485 vitreis,
2455 2408 2522 2468 et

325 2508 484 2572 velis
525 2508 719 2573 etiam
762 2506 1052 2574 obductis
1096 2527 1136 2571 a
1179 2504 1467 2572 cubiculo
1512 2502 1624 2570 illo
1668 2509 2034 2590 separatur,
2097 2505 2328 2589 quibus
2368 2504 2522 2572 fori-

328 2607 448 2673 bus
491 2608 768 2694 velisque
811 2609 1075 2678 remotis
1118 2629 1316 2674 unum
1362 2607 1640 2694 spatium
1685 2607 1972 2673 efficitur.
2060 2607 2279 2674 Nostri
2321 2607 2521 2673 homi-

328 2731 440 2777 nes
484 2732 634 2778 voce
662 2711 1045 2792 „Alkowen“
1087 2711 1255 2776 hanc
1285 2709 1614 2776 zothecam
1644 2710 1997 2796 appellant3
2041 2710 2283 2795 injuria
2319 2729 2521 2795 quan-

326 2818 464 2877 tum
521 2813 723 2882 video.
831 2816 999 2881 Nam
1057 2814 1436 2894 ,‚Alkowen“
1497 2811 1796 2878 conclave
1856 2814 1991 2879 sine
2049 2813 2345 2879 fenestris
2400 2817 2516 2894 est,

332 2913 412 2979 ab
466 2936 594 2980 una
651 2924 836 3006 parte
880 2918 1019 2982 velo
1062 2917 1367 2982 clausum.
1456 2914 1631 2979 Haec
1674 2935 1824 2980 vero
1869 2915 2133 2982 zotheca
2174 2915 2342 2980 idem
2384 2915 2519 2982 fere

250 3025 253 3034 '
332 3021 429 3080 est
472 3018 639 3101 quod
684 3020 1012 3086 zothecula
1057 3019 1248 3084 villae
1292 3018 1534 3084 Tuscae
1578 3017 1769 3102 (Plin.
1817 3019 1933 3104 Ep.
1983 3018 2055 3097 V,
2102 3020 2232 3102 38),
2281 3016 2360 3082 de
2390 3037 2520 3102 qua

332 3118 575 3184 Plinius
617 3120 798 3186 dicit:
848 3123 1087 3203 „lectus
1118 3122 1223 3187 hic
1266 3126 1331 3186 et
1375 3120 1655 3204 undique
1698 3120 2013 3187 fenestrae
2057 3126 2123 3185 et
2164 3125 2378 3186 tamen
2422 3119 2522 3187 lu-

330 3242 473 3287 men
519 3222 852 3289 obscurum
896 3225 1123 3291 umbra
1165 3228 1553 3309 premente“.

497 3326 629 3411 Age
675 3347 824 3393 vero
866 3332 1274 3394 monumenta
1316 3328 1468 3411 quid
1503 3326 1580 3392 de
1611 3326 1732 3393 hac
1759 3347 1830 3392 re
1859 3324 2141 3392 docent?
2228 3324 2521 3390 Picturae

326 3426 458 3492 fere
517 3429 688 3495 solae
748 3430 849 3496 hic
906 3430 1308 3516 quaerendae
1371 3433 1541 3493 sunt.
1652 3429 1779 3494 Sed
1838 3447 2082 3513 paucae
2139 3432 2391 3492 tantum
2435 3425 2518 3492 ad

326 3535 614 3595 nostrum
680 3554 864 3598 usum
923 3534 1266 3618 pertinent.
1379 3531 1582 3615 Topia
1643 3530 1961 3616 quaedam
2019 3529 2189 3594 inter
2239 3549 2516 3615 parerga

326 3629 551 3696 domus
591 3635 901 3717 quasdam
960 3643 1026 3700 et
1068 3635 1572 3719 cryptoporticus
1613 3632 1947 3712 exhibent,
2006 3652 2274 3717 quorum
2319 3632 2387 3696 in
2431 3630 2521 3696 fe-

328 3736 560 3800 nestris
613 3736 755 3801 vela
812 3736 1122 3820 bipartita
1166 3743 1554 3822 spectantur.
1664 3734 1789 3801 Sed
1834 3734 2049 3800 omnia
2093 3739 2227 3798 tam
2270 3733 2521 3797 minuta

328 3846 474 3900 sunt
516 3842 583 3901 et
625 3837 1034 3915 obumbrata,
1089 3843 1163 3904 ut
1204 3839 1346 3905 vela
1387 3838 1575 3904 facile
1620 3859 1734 3904 nos
1778 3836 2103 3918 effugiant.
2213 3836 2519 3901 Conferas

325 3937 696 4023 imaginem,
767 3962 960 4024 quam
1006 3940 1245 4005 Gellius
1287 3941 1572 4025 Pompeji
1627 3960 1770 4025 pag.
1818 3939 2028 4005 XXIV
2076 3943 2519 4002 ornamentum

326 4042 545 4108 intulit
600 4049 666 4108 et
721 4043 879 4110 alias
922 4043 1093 4129 apud
1142 4043 1454 4109 Zahnium
1499 4042 1634 4129 (die
1677 4041 2019 4108 schonsten
2064 4040 2324 4105 Ornam.
2368 4043 2519 4121 ete.)

325 4145 453 4211 tab.
510 4146 590 4224 II,
637 4149 737 4226 73,
781 4152 847 4212 et
889 4148 937 4225 I,
985 4151 1084 4226 60,
1153 4146 1262 4211 ubi
1321 4148 1515 4211 etiam
1574 4166 1724 4230 pars
1781 4148 2007 4227 portae
2063 4141 2315 4226 amplae
2367 4140 2521 4206 velis

325 4247 648 4333 bipartitis
708 4248 1043 4316 clauditur.
1161 4248 1491 4331 Ejusmodi
1536 4267 1807 4332 parerga
1849 4246 2097 4311 minuta
2142 4245 2209 4310 in
2253 4242 2521 4328 picturis
