2946 4740
1308 267 1451 359 ,35

321 450 713 532 negligenter
770 453 868 512 est
923 472 1248 536 suspensa.
1298 491 1373 500 -
1417 454 1615 518 Juvat
1660 453 1854 517 etiam
1908 475 2177 536 parvum
2222 475 2381 538 opus
2425 460 2520 519 to-

319 552 496 634 pium
554 551 973 635 contemplari
1026 574 1104 617 ex
1167 555 1332 620 Casa
1375 555 1478 619 dei
1525 554 1830 639 Capitelli
1874 555 2142 620 colorati
2200 560 2308 634 (cf.
2358 555 2523 620 Zab-

319 653 493 717 nium
538 652 620 729 II,
667 658 768 717 73.
870 654 1048 720 Inter
1103 656 1230 720 duo
1291 656 1583 721 aedificia
1636 656 1733 721 bis
1798 656 1942 720 vela
2001 657 2196 738 longa
2256 663 2524 723 extensa

321 754 526 830 videS,
571 775 736 836 quae
781 761 985 821 totum
1032 757 1289 824 hortum
1333 758 1664 836 umbrant,
1710 759 1818 841 qui
1861 760 2032 824 inter
2077 758 2374 824 aedificia
2403 765 2520 823 est.

322 855 620 920 Fastibus
662 857 803 921 vela
846 859 913 923 in
957 859 1191 925 finibus
1235 864 1502 943 gravata
1547 859 1874 939 videntur,
1920 882 2047 944 quo
2093 860 2345 926 facilius
2388 860 2525 924 affi-

292 963 580 1041 gantur,
623 958 720 1022 vel
765 981 889 1043 quo
934 961 1322 1027 commodius
1353 960 1831 1046 complicentur.
1863 1000 1945 1009 —
1994 961 2188 1028 Aliud
2220 963 2525 1028 adeamus

319 1066 803 1125 monumentum
860 1062 924 1126 in
981 1062 1104 1127 hac
1162 1066 1537 1147 quaestione
1582 1062 2020 1147 disputatione
2065 1066 2343 1129 maxime
2387 1064 2526 1146 dig-

319 1184 492 1240 num,
553 1184 711 1246 opus
765 1165 1104 1244 musivum,
1172 1166 1249 1230 de
1294 1186 1420 1248 quo
1468 1164 1542 1230 Ο.
1584 1164 1874 1244 Jahnius,
1920 1168 2019 1229 vir
2059 1166 2526 1231 illustrissimus

319 1269 386 1328 et
446 1265 871 1345 doctissimus,
931 1267 1000 1331 in
1060 1267 1252 1331 Arch.
1300 1268 1436 1349 Ztg.
1491 1271 1652 1332 1858
1696 1290 1759 1351 p.
1813 1272 1930 1331 157
1976 1268 2171 1332 verba
2215 1268 2367 1332 fecit
2410 1267 2520 1346 (cf.

320 1366 453 1433 tab.
506 1372 672 1446 113).
782 1367 1058 1433 Achilles
1101 1369 1269 1433 inter
1311 1367 1687 1451 Lycomedis
1730 1368 1898 1434 filias
1940 1369 2021 1435 ab
2066 1369 2249 1435 Ulixe
2294 1389 2525 1452 cogno·

321 1469 535 1533 scitur.
624 1469 905 1534 Medium
951 1474 1128 1534 tenet
1170 1469 1450 1534 Achilles
1488 1470 1679 1552 juxta
1723 1492 1910 1554 quem
1958 1471 2128 1537 filiae
2172 1471 2340 1556 regis
2384 1492 2525 1535 sur-

323 1577 625 1635 rexerunt
663 1571 799 1653 jam
847 1572 1323 1654 obstupefactae
1368 1592 1521 1636 voce
1565 1572 1768 1636 Ulixis
1800 1579 1867 1638 et
1896 1574 2035 1656 ejus
2065 1566 2305 1641 sodalis
2334 1571 2527 1637 tubae

322 1693 507 1752 sonu,
555 1674 664 1757 qui
708 1694 963 1738 murum
1010 1673 1438 1737 ascenderunt
1481 1674 1546 1738 in
1593 1680 1772 1756 tergo
1817 1675 2075 1740 illarum
2108 1680 2524 1740 exstructum.

322 1775 397 1838 In
441 1774 562 1840 hoc
605 1797 787 1840 muro
832 1795 1028 1858 supra
1071 1774 1285 1858 capita
1330 1774 1595 1839 Achillis
1650 1784 1716 1840 et
1761 1777 2075 1858 virginum
2122 1777 2525 1861 aliquantum

322 1877 624 1940 eminenti
669 1877 879 1941 velum
933 1882 1031 1942 est
1074 1876 1297 1954 fixum,
1363 1876 1533 1960 quod
1578 1876 1788 1941 locum
1832 1878 2214 1944 obumbrare
2258 1877 2527 1958 videtur,

322 1979 526 2062 clipeo
585 1979 860 2062 quodam
924 1979 990 2042 in
1050 1978 1260 2043 fronte
1321 1983 1641 2042 ornatum.
1752 1979 1850 2044 Ad
1911 1980 2206 2045 dextram
2265 2000 2526 2044 manum

323 2081 536 2164 regiae
579 2101 730 2165 pars
775 2102 1031 2145 murum
1076 2081 1352 2162 attingit.
1455 2081 1553 2144 De
1595 2081 1825 2164 quibus
1871 2082 1942 2146 Ο.
1990 2081 2302 2147 Jahnius:
2369 2080 2528 2162 „Die

326 2184 817 2268 Hauptgruppe,
874 2183 1116 2266 inquit,
1178 2183 1264 2247 ist
1304 2182 1367 2245 in
1415 2183 1620 2247 einem
1667 2183 1872 2247 Raum
1918 2183 2322 2266 dargestellt,
2380 2182 2530 2245 wel-

322 2286 474 2352 cher
517 2286 721 2350 durch
763 2286 903 2349 eine
947 2305 1063 2350 aus
1094 2285 1393 2363 Quadern
1424 2283 1833 2367 ausgefiihrte
1864 2286 2088 2350 Mauer
2129 2284 2529 2368 abgeschlos-

324 2409 435 2454 sen
501 2390 615 2467 ist;
687 2389 845 2454 iiber
904 2389 1111 2455 dieser
1172 2388 1329 2452 wird
1388 2388 1493 2451 ein
1556 2407 1676 2451 von
1742 2386 1903 2452 oben
1958 2388 2529 2469 herabhiingender

323 2492 546 2557 blauer
592 2492 891 2573 Vorhang
935 2490 1246 2567 sichtbar,
1291 2490 1403 2551 der
1444 2488 1609 2552 wohl
1650 2489 1958 2553 andeuten
2001 2491 2152 2565 soll,
2222 2491 2370 2552 dass
2410 2488 2529 2553 wir

325 2596 502 2660 einen
559 2596 697 2657 dem
756 2593 945 2657 Bliok
998 2595 1117 2672 far
1169 2589 1551 2673 qew'o'hnlich
1610 2590 1782 2653 nicht
1823 2591 2269 2675 zuqaenqlichen
2312 2593 2527 2655 Raum

323 2719 431 2761 vor
475 2719 593 2761 uns
635 2696 856 2772 haben,
904 2696 1021 2758 das
1073 2694 1468 2777 Gynaikeion
1487 2726 1509 2773 ,·
1556 2694 1699 2759 eine
1745 2694 1986 2771 Mauer,
2035 2693 2271 2759 welche
2315 2693 2529 2758 rechts

322 2799 614 2865 bemerkt
655 2798 842 2875 wird,
887 2796 1051 2880 zeigt
1094 2797 1242 2860 dass
1287 2796 1495 2860 dieser
1539 2796 1747 2860 Raum
1792 2797 2000 2861 einem
2045 2798 2377 2876 grosseren
2409 2794 2528 2859 Ge-

326 2901 534 2965 baude
591 2899 964 2983 angehorffl.
1084 2898 1311 2981 Itaque
1369 2903 1513 2962 arte
1568 2897 1916 2981 symbolica
1960 2896 2334 2979 gravissima
2375 2916 2529 2961 usus

327 3003 531 3085 pictor
584 3002 720 3066 velo
778 3008 1038 3066 extenso
1097 3002 1303 3064 locum
1364 3000 1528 3064 alias
1585 3001 1786 3066 oculis
1844 3000 2203 3063 detractum
2256 2997 2528 3080 intelligi

327 3102 499 3167 vult!
590 3103 755 3167 Mira
812 3123 966 3167 sane
1026 3102 1181 3166 haec
1237 3102 1704 3184 interpretatio.
1815 3100 1938 3165 Ubi
1981 3100 2050 3164 in
2094 3100 2356 3165 musivis
2397 3100 2527 3164 tale

325 3205 480 3288 quid
520 3205 852 3270 invenias?
961 3205 1235 3269 Omnino
1295 3224 1454 3286 nego
1517 3202 1637 3267 hoc
1699 3192 1840 3267 fieri
1884 3202 2193 3285 potuisse,
2253 3222 2404 3265 nam
2448 3202 2528 3267 de

323 3309 585 3373 musivis
628 3307 925 3391 operibus
967 3307 1136 3371 idem
1182 3307 1314 3371 fere
1357 3305 1561 3383 valet,
1606 3304 1774 3388 quod
1821 3325 2020 3387 supra
2050 3303 2128 3368 de
2158 3302 2528 3388 posterioris

321 3411 626 3495 temporis
668 3409 935 3493 picturis
978 3409 1143 3486 dixi,
1188 3428 1297 3473 eas
1338 3409 1535 3472 etiam
1574 3409 1639 3471 in
1671 3408 1961 3490 parergis
1989 3410 2292 3469 naturam
2321 3405 2525 3488 ipsam

323 3511 653 3576 aemulari.
744 3511 908 3591 Ergo
966 3530 1150 3574 usum
1211 3510 1606 3574 cotidianum
1665 3509 1859 3573 fuisse
1919 3509 2385 3590 cognoscimus,
2459 3507 2526 3571 in

321 3613 526 3678 hortis
556 3611 698 3674 vela
727 3610 1194 3695 simplicissima
1223 3612 1471 3675 ratione
1504 3609 1905 3693 suspendere.
1974 3608 2281 3674 Conferas
2311 3609 2525 3687 aliam,

322 3734 488 3798 quae
544 3712 809 3777 eandem
868 3734 1001 3778 rem
1061 3713 1349 3806 depingit
1405 3713 1724 3796 picturam
1784 3712 1952 3794 apud
1997 3711 2071 3774 R.
2121 3710 2524 3774 Rochettium

325 3817 548 3895 „choix
595 3813 674 3878 de
719 3814 1084 3898 peintures“
1131 3815 1382 3879 tab.2l.
1475 3814 1753 3879 Achilles
1797 3834 1942 3878 cum
1973 3811 2346 3895 Lycomedis
2376 3810 2525 3876 filiis

323 3920 389 3982 in
432 3918 569 3983 loco
624 3925 946 3996 versatur,
1009 3938 1137 3982 non
1182 3937 1363 3980 muro
1408 3915 1520 3980 sed
1565 3918 1815 4001 porticu
1860 3914 2074 3994 finite,
2140 3934 2412 3997 quorum
2458 3913 2525 3978 in

324 4020 831 4085 intercolumniis
888 4019 1032 4082 vela
1088 4023 1238 4088 sunt
1294 4023 1592 4096 extensa;
1666 4038 1831 4100 quae
1891 4016 2001 4081 ubi
2063 4020 2214 4078 sunt
2270 4015 2400 4080 fixa
2435 4015 2525 4079 *in

324 4122 638 4206 epistyliO,
686 4122 907 4204 clipeis
951 4126 1181 4185 ornata
1225 4126 1389 4184 sunt.
1481 4120 1602 4184 Per
1632 4119 1866 4202 gradus
1897 4117 2236 4182 nonnullos
2266 4138 2342 4181 ex
2374 4138 2526 4181 area

323 4226 421 4290 vel
474 4225 662 4288 horto
718 4225 783 4287 in
830 4223 1144 4306 porticum
1189 4228 1253 4286 et
1297 4223 1555 4288 domum
1602 4223 1869 4286 intrant.
1980 4219 2327 4283 Audiamus
2368 4219 2523 4303 quid
2583 4304 2587 4309 .
