2946 4740
1508 268 1587 328 12

704 449 901 529 „Cum
946 451 1121 515 venit
1161 450 1406 515 aulaeis
1443 451 1580 534 jam
1628 472 1697 515 se
1740 450 1964 533 regina
2008 454 2301 536 superbis

750 554 959 616 Aurea
1004 552 1360 636 composuit
1402 552 1666 636 sponda,
1713 552 2115 636 mediamque
2157 555 2428 620 locavit“

448 652 826 718 necessitate
869 654 1148 737 quadam
1206 655 1302 718 ita
1353 653 1752 737 intelligendi
1815 662 1984 720 sunt.
2063 655 2236 720 Nam
2287 657 2513 738 Heynii
2557 658 2645 722 ad

445 751 614 817 hunc
655 752 864 819 locum
909 754 1502 840 interpretationem
1549 776 1672 819 non
1718 755 2052 840 recipiam,
2099 778 2242 821 cum
2284 758 2366 821 ad
2412 779 2468 821 v.
2517 762 2643 823 639

444 856 789 940 respiciens
845 856 1077 922 aulaea
1133 862 1338 921 vestes
1383 857 1705 938 stragulas
1750 859 2033 941 spondae
2079 863 2145 923 et
2186 865 2326 923 toro
2371 860 2646 942 injectas

445 976 581 1022 esse
623 957 865 1023 credat.
953 959 1074 1024 Cui
1114 959 1328 1024 obstat
1370 979 1448 1023 ea
1504 980 1638 1037 ωε,
1698 959 1869 1042 quod
1929 961 1982 1024 si
2047 960 2365 1043 Heynium
2422 982 2643 1044 seque·-

443 1080 691 1139 remur,
751 1059 990 1142 duplici
1045 1061 1238 1125 ‘modo
1299 1059 1768 1143 significaretur
1828 1061 2090 1127 sedendi
2149 1063 2326 1127 locus
2376 1062 2505 1142 „sie
2547 1063 2644 1127 la-

444 1167 620 1244 gerte
663 1161 799 1227 sich
842 1162 960 1226 auf
992 1162 1336 1228 kostbaren
1382 1162 1748 1246 Teppichen
1774 1213 1789 1242 ‚
1862 1164 1980 1228 auf
2036 1164 2367 1245 golde‘nem
2427 1164 2642 1228 Rube-

443 1264 616 1342 bett“
637 1313 653 1341 ,
726 1283 918 1346 quam
979 1265 1296 1330 rationem
1349 1263 1541 1329 aliter
1599 1271 1791 1348 poeta
1850 1265 2305 1350 descripsisset.
2393 1266 2527 1330 Nec
2586 1264 2644 1330 si

442 1365 752 1450 spondam
801 1366 1044 1430 aulaeis
1087 1365 1377 1450 superbis
1418 1387 1679 1430 auream
1711 1358 2196 1449 intelligendam
2221 1388 2359 1431 esse
2389 1385 2642 1432 censea-

441 1489 600 1546 muS,
635 1489 853 1534 verum
882 1467 1377 1548 cognoverimus,
1408 1489 1550 1532 cum
1583 1474 1789 1533 vestes
1820 1470 2142 1553 stragulae
2170 1489 2327 1534 auro
2356 1468 2645 1533 intextae

443 1590 756 1652 nusquam
803 1576 1238 1635 memorentur
1281 1569 1452 1653 quod
1497 1571 2039 1654 molestae-atque
2069 1570 2503 1636 incommodae
2543 1592 2642 1636 es-

441 1676 618 1749 sent,
686 1678 752 1735 et
807 1693 951 1735 cum
1012 1672 1293 1756 spondae
1336 1671 1607 1756 pedibus
1651 1673 1863 1738 aureis
1906 1673 2107 1737 fultae
2150 1673 2309 1737 satis
2352 1672 2483 1737 sint
2526 1694 2640 1737 no-

441 1779 565 1837 tae.
655 1773 978 1856 Imprimis
1034 1779 1250 1838 autem
1309 1773 1559 1838 nullum
1615 1774 1883 1839 inveniri
1928 1780 2140 1858 potest
2182 1774 2639 1853 testimonium,

439 1877 606 1958 quod
652 1876 896 1954 doceat,
941 1875 1242 1940 aulaeum
1284 1875 1411 1940 dici
1441 1896 1629 1959 posse
1660 1897 1775 1959 pro
1806 1881 1980 1940 veste
2010 1876 2315 1957 stragula.
2378 1877 2641 1941 Lexico-

438 1977 665 2062 graphi
708 1978 792 2043 ad
840 1977 1190 2058 Vergilium
1238 1972 1304 2041 et
1349 1977 2009 2058 Curtium‘relegant,
2068 1978 2177 2042 sed
2223 1978 2470 2043 duobus
2512 1977 2640 2042 illis

418 2081 594 2146 ‘locis
638 2102 717 2144 ex
763 2079 985 2147 Curtio
1029 2079 1196 2143 Rufo
1242 2078 1596 2162 desumptis
1641 2079 1870 2143 aulaea
1914 2078 2104 2143 aliter
2144 2079 2641 2164 interpretemur

439 2187 722 2266 oportet,
787 2181 867 2245 de
921 2201 1047 2263 quo
1100 2180 1272 2244 infra
1316 2179 1657 2246 dicendum
1703 2180 1974 2244 videtur.
2063 2180 2289 2264 Itaque
2339 2181 2636 2264 Wagneri

437 2284 650 2368 potius
693 2283 1013 2347 sententia
1056 2282 1123 2345 in
1169 2282 1450 2347 editione
1497 2283 1762 2366 Vergilii
1820 2282 2065 2346 minore
2125 2283 2226 2348 his
2280 2285 2487 2348 verbis
2529 2304 2636 2347 ex-

436 2386 646 2471 posita
694 2392 888 2470 „puto
932 2384 1071 2451 loco
1113 2384 1178 2451 in
1224 2386 1480 2452 modum
1541 2385 1803 2450 tentorii
1846 2386 2090 2450 aulaeis
2133 2387 2422 2450 intento“
2469 2385 2636 2450 exci-

433 2488 668 2573 pienda
711 2487 981 2552 videtur.
1071 2486 1280 2569 Hujus
1337 2487 1601 2556 ablativi
1665 2508 1846 2551 usum
1895 2489 2003 2571 qui
2049 2510 2165 2571 pro
2209 2488 2479 2553 locativo
2524 2509 2634 2572 po-

432 2591 593 2655 situs
636 2594 762 2669 est,
818 2589 1142 2653 illustrare
1184 2609 1520 2671 possumus
1566 2588 1778 2654 Ovidii
1824 2589 2117 2667 dictione,
2163 2589 2273 2672 qui
2318 2589 2478 2654 haec
2522 2590 2633 2654 ha-

436 2693 545 2758 bet
584 2691 650 2755 in
711 2690 875 2756 libro
930 2711 1010 2754 ex
1056 2690 1293 2755 Ponto:
1373 2692 1418 2769 1,
1468 2696 1525 2769 3,
1573 2696 1652 2756 52
1715 2692 1856 2756 Non
1903 2690 2128 2755 salices
2171 2692 2343 2775 ripa,
2403 2691 2634 2756 robora

433 2800 650 2860 monte
695 2793 917 2857 virent.
1006 2792 1116 2871 IV,
1163 2796 1220 2870 9,
1269 2797 1342 2857 31
1395 2793 1607 2857 media
1652 2794 1833 2857 sedet
1874 2792 2049 2857 aede.
2138 2793 2217 2857 cf.
2249 2794 2418 2856 Fast.
2462 2794 2505 2857 1.
2549 2794 2634 2873 II,

436 2902 556 2962 229
616 2895 867 2961 steterit
922 2895 1098 2960 Jovis
1156 2894 1346 2973 aede3
1425 2895 1533 2972 VI,
1587 2899 1656 2957 11
1715 2896 1941 2977 jacens
1996 2895 2138 2977 ripa
2180 2899 2298 2958 etc.
2389 2895 2631 2960 Eodem

431 2999 622 3065 modo
670 2997 951 3077 „aulaeis
996 2996 1323 3079 superbis“
1387 2997 1634 3079 poetice
1694 2997 1936 3062 dictum
1984 3004 2079 3060 est
2123 3016 2240 3078 pro
2288 2997 2475 3062 domo
2520 3020 2631 3062 au-

431 3101 595 3166 laeis
639 3099 969 3168 distincta:
1045 3106 1238 3181 atque
1276 3100 1392 3163 ‘ita
1439 3098 1796 3179 Wagnerus
1841 3098 2068 3162 melius
2113 3119 2248 3162 rem
2293 3100 2632 3183 expressis-

432 3207 548 3282 set,
595 3222 740 3265 nam
786 3201 1047 3265 tentorii
1093 3201 1299 3264 instar
1342 3218 1468 3263 non
1502 3198 1699 3263 habet
1730 3202 1985 3275 atrium,
2036 3200 2186 3263 dum
2232 3208 2420 3277 tecta,
2466 3222 2632 3284 quae

432 3306 626 3372 etiam
673 3304 778 3368 hio
821 3303 1124 3386 laqueata
1153 3308 1321 3381 sunt,
1367 3307 1594 3366 carent
1624 3300 1885 3365 aulaeis.
1979 3300 2101 3364 Sed
2141 3301 2409 3366 fortasse
2443 3303 2632 3386 Wag-

418 3428 622 3472 ·nerus
666 3405 1012 3470 tentorium
1059 3406 1300 3489 ipsum,
1357 3404 1528 3487 quod
1579 3425 1692 3467 nos
1740 3402 2173 3483 „Baldachin“
2222 3424 2519 3468 vocamus
2564 3405 2631 3469 in

432 3510 596 3575 atrio
641 3509 962 3572 intentum
1006 3505 1199 3571 fuisse
1247 3506 1488 3570 credat.
1583 3506 1717 3569 Hoc
1762 3504 1940 3568 nullo
1984 3504 2173 3569 modo
2217 3505 2371 3568 ferri
2401 3509 2632 3588 potest,

431 3633 574 3676 cum
621 3608 935 3693 ejusmodi
976 3608 1070 3672 rei
1115 3610 1331 3672 omnia
1375 3630 1489 3672 nos
1533 3606 1835 3671 deficiant
1864 3606 2120 3670 indicia.
2211 3607 2632 3685 Revertamur

431 3713 574 3778 ideo
616 3712 698 3776 ad
745 3709 1019 3787 Cerdae,
1066 3730 1253 3792 quem
1302 3709 1587 3790 Heynius
1632 3729 1772 3771 cum
1822 3709 2059 3791 injuria
2103 3709 2389 3791 repellit,
2436 3710 2631 3773 inter-

431 3814 854 3899 pretationem
900 3810 1054 3875 loci:
1136 3810 1338 3890 „Dido
1402 3809 1756 3892 composuit
1829 3830 1896 3875 se
1957 3810 2021 3873 in
2085 3811 2331 3892 sponda
2389 3811 2633 3876 aulaeis

431 3914 722 3999 superbis
784 3913 1012 3990 tensiS,
1087 3913 1152 3976 id
1211 3919 1308 3976 est
1360 3911 1651 3975 obductis
1698 3912 1839 3995 [aut
1881 3918 2051 3977 tecto
2097 3914 2235 3995 aut]
2282 3914 2633 3995 parietibus

431 4019 551 4083 hoc
604 4015 918 4099 tapetium
977 4020 1282 4097 genere“;
1357 4013 1549 4078 modo
1616 4014 1873 4095 rejectis
1941 4014 2147 4078 verbis
2208 4021 2361 4092 „aut
2418 4020 2626 4080 tecto“

432 4140 582 4183 nam
631 4123 804 4183 tecta
845 4122 1033 4182 erant
1073 4118 1397 4200 laqueata.
1487 4115 1725 4179 Tamen
1759 4117 1822 4179 in
1856 4116 1984 4188 hoc,
2008 4115 2279 4179 Cerdam
2312 4116 2494 4179 valde
2536 4137 2631 4180 er-

430 4242 606 4287 rasse
649 4218 1036 4286 censendum
1081 4224 1196 4300 est,
1242 4219 1412 4302 quod
1457 4238 1678 4282 eorum
1708 4216 2113 4299 sententiam,
2157 4218 2268 4299 qui
2296 4239 2414 4301 pro
2448 4218 2631 4283 vesti-
