2946 4740
1505 229 1587 289 20

440 413 896 497 Parapetasma
951 413 1015 476 in
1075 413 1318 496 pariete
1381 412 1611 477 summi
1671 411 1973 476 momenti
2025 414 2220 487 esset,
2286 408 2338 472 si
2385 407 2631 473 definiri

438 521 654 602 posset
696 520 971 599 tempuS,
1017 535 1143 597 quo
1187 514 1425 579 factum
1472 520 1570 578 est
1613 518 2108 579 monumentum.
2198 513 2333 591 Quo
2365 512 2631 576 arbitrio

441 618 758 696 abstine0,
804 616 1013 701 quoad
1058 617 1414 698 meliorem,
1460 636 1653 699 quam
1699 637 1827 698 qua
1871 636 2037 680 nunc
2066 621 2241 692 utor,
2287 613 2632 696 imaginem

441 741 567 786 non
614 719 838 785 habeo.

611 899 872 965 Praeter
930 898 1274 965 coenacula
1330 900 1642 984 imprimis
1700 898 2074 965 dormitoria
2130 897 2421 963 cubicula
2489 917 2630 961 cum

440 1004 751 1080 virorum,
798 1007 935 1068 tum
979 1002 1359 1067 feminarum
1389 1004 1633 1069 aulaeis
1662 1008 1893 1068 ornata
1926 999 2225 1065 videmus.
2319 1000 2519 1078 Quam
2552 1000 2630 1064 ob
2695 1074 2698 1075 ⁷

441 1126 575 1169 rem
618 1106 682 1170 in
726 1104 970 1170 duobus
1012 1105 1373 1188 anaglyptis
1417 1104 1650 1190 (altero
1695 1104 1895 1168 Musei
1927 1103 2269 1187 Capitolini
2315 1105 2483 1187 apud
2526 1104 2632 1166 Ri-

440 1207 748 1273 chettium
796 1208 903 1286 IV,
951 1211 1028 1271 35
1083 1241 1152 1265 -—.
1202 1207 1426 1271 Millin.
1472 1207 1545 1270 G.
1596 1206 1681 1271 M.
1728 1207 1812 1286 ΙΙ,
1864 1210 1998 1283 104,
2047 1211 2169 1270 415
2215 1206 2416 1272 altero
2462 1208 2631 1290 apud

443 1310 801 1375 Claracium
848 1309 933 1374 M.
981 1310 1059 1374 de
1102 1310 1200 1375 Sc.
1246 1309 1376 1374 tab.
1425 1311 1577 1386 201)
1640 1329 1803 1391 quae
1850 1308 2156 1392 Meleagri
2211 1315 2477 1373 mortem
2524 1310 2632 1373 de-

438 1412 716 1495 pingunt
756 1416 903 1496 post
944 1412 1173 1477 lectum
1205 1416 1657 1496 parapetasma
1685 1412 2085 1494 conspicitur.
2177 1413 2383 1495 Atque
2419 1413 2486 1475 in
2518 1412 2629 1476 illo

439 1514 694 1597 quidem
746 1513 1086 1579 Atalanten
1145 1515 1429 1579 videmus
1483 1534 1869 1591 consessam,
1938 1535 2061 1577 non
2119 1515 2182 1579 in
2245 1515 2483 1600 lapide,
2555 1519 2630 1577 ut

441 1616 727 1681 Millinus
781 1616 938 1681 dicit
983 1616 1343 1699 („rocher“)
1400 1617 1509 1681 sed
1563 1616 1628 1680 in
1673 1636 1744 1680 re
1787 1616 2062 1699 quadam
2108 1616 2402 1695 obscura,
2463 1636 2628 1700 quae

439 1724 611 1783 certe
658 1719 740 1783 ad
784 1720 1040 1784 domum
1085 1719 1379 1802 pertinet.
1484 1719 1647 1783 Nam
1694 1739 2079 1801 quamquam
2126 1719 2425 1784 Atalante
2471 1719 2659 1783 alias-

394 1807 400 1815 ’
441 1822 509 1885 in
552 1821 876 1887 montibus
920 1826 1336 1905 pervagatur,
1380 1820 1595 1904 ibique
1641 1820 1771 1886 fere
1814 1842 2062 1906 semper
2091 1822 2492 1906 conspicitur,
2535 1829 2630 1885 ta-

438 1944 582 1988 men
645 1923 749 1987 hic
805 1923 1102 1988 aulaeum
1162 1944 1361 2009 usque
1416 1923 1498 1988 ad
1548 1924 1685 2006 ejus
1728 1930 1972 2008 tergum
2020 1930 2292 1988 tractum
2332 1926 2626 2008 juvenem

439 2030 725 2089 amatum
781 2026 846 2090 in
905 2025 1261 2090 cubiculum
1320 2031 1602 2091 secutam
1660 2026 1833 2090 illam
1878 2047 2012 2092 esse
2056 2027 2349 2092 ostendit.
2469 2030 2630 2092 Ecce

439 2127 563 2192 veli
617 2128 971 2212 plicaturae
1029 2149 1286 2212 graves,
1356 2129 1586 2212 quibus
1641 2130 1723 2194 ad
1783 2129 2072 2194 dextram
2129 2129 2286 2194 haec
2336 2133 2503 2196 actio
2547 2132 2629 2196 ab

439 2229 673 2309 altera,
721 2250 885 2313 quae
930 2235 1194 2296 mortem
1241 2231 1701 2296 avunculorum
1746 2238 1893 2297 ante
1940 2233 2153 2297 oculos
2194 2234 2403 2316 ponit,
2470 2235 2631 2298 acri-

440 2337 541 2397 ter
584 2333 950 2399 secernitur.
1045 2334 1217 2400 Haec
1260 2355 1362 2399 res
1407 2335 1609 2415 magis
1654 2334 1846 2400 etiam
1893 2337 1959 2400 in
1990 2336 2192 2401 altero
2224 2340 2630 2401 monumento

438 2436 777 2519 conspicua
819 2443 933 2501 est.
1021 2436 1181 2502 Nam
1228 2437 1422 2502 vestis
1463 2437 1579 2501 illa
1623 2459 1786 2521 quae
1820 2439 2008 2519 juxta
2036 2439 2267 2504 lectum
2302 2444 2415 2521 est,
2460 2437 2626 2502 nullo

437 2537 624 2601 modo
666 2558 784 2620 pro
827 2538 1101 2603 amiculo
1145 2539 1358 2623 aliquo
1404 2539 1627 2605 haberi
1670 2546 1898 2625 potest,
1944 2542 2051 2606 sed
2099 2563 2177 2606 ex
2221 2562 2295 2607 eo
2327 2541 2493 2626 quod
2522 2561 2628 2604 ar-

439 2638 544 2703 fex
587 2639 878 2703 imitatus
922 2647 1018 2706 est
1062 2643 1353 2727 exemplo
1399 2648 1649 2727 partem
1694 2644 1901 2709 aulaei
1945 2644 2234 2710 relictam
2278 2666 2411 2719 esse
2454 2652 2629 2728 put0,

439 2761 581 2804 cum
647 2741 968 2825 plicatura
1023 2744 1139 2809 illa
1196 2746 1412 2830 ampla
1480 2746 1564 2810 ad
1625 2746 1784 2812 duas
1842 2747 2096 2814 fabulae
2140 2756 2355 2834 partes
2399 2748 2631 2813 discer-

440 2842 684 2908 nendas
723 2844 833 2910 ille
876 2847 1111 2931 optime
1154 2854 1369 2932 posset
1412 2850 1526 2913 uti.

613 3029 823 3110 Atque
869 3028 922 3093 si
966 3030 1028 3093 in
1077 3052 1460 3114 gynaeceum
1505 3032 1714 3118 ipsum
1756 3036 1999 3102 intrare
2043 3039 2254 3124 placet
2283 3042 2472 3128 longa
2502 3066 2633 3111 mo-

441 3135 890 3195 numentorum
950 3133 1143 3197 series
1186 3134 1453 3218 proferri
1500 3142 1741 3220 potest,
1798 3160 1962 3223 quae
2007 3145 2220 3209 omnia
2267 3146 2630 3213 aulaeorum

440 3232 506 3296 in
572 3234 649 3297 iis
713 3253 894 3297 usum
971 3234 1335 3301 illustrant:
1436 3240 1511 3303 In
1579 3243 1784 3325 primo
1857 3244 1994 3311 loco
2059 3270 2226 3332 pono
2290 3254 2634 3337 anaglypta

444 3333 558 3397 illa
601 3354 679 3397 ex
710 3334 875 3401 Foro
922 3335 1209 3402 Palladio
1243 3338 1589 3406 Domitiani
1634 3343 1737 3423 (cf.
1785 3347 2110 3415 Wieseleri
2157 3352 2230 3415 D.
2264 3353 2324 3418 d.
2360 3375 2417 3419 a.
2446 3357 2522 3421 K.
2551 3358 2632 3436 II,

445 3438 544 3514 56,
571 3439 736 3515 346).
832 3438 906 3504 In
965 3445 1147 3521 parte
1204 3441 1408 3507 altera
1463 3445 1673 3511 Pallas
1729 3447 2044 3515 inventrix
2102 3460 2294 3537 atque
2353 3459 2636 3543 adjutrix

445 3557 708 3621 operum
750 3538 1129 3605 feminarum
1175 3544 1561 3627 celebratur,
1610 3570 1877 3632 quarum
1923 3553 2043 3618 hae
2087 3555 2300 3622 lanam
2332 3566 2633 3638 tractant,

447 3638 595 3703 illae
641 3646 876 3705 vestem
923 3642 1277 3727 dissecant,
1322 3647 1487 3713 aliae
1531 3654 1892 3737 nescioquid
1927 3665 2140 3740 agunt.
2234 3661 2630 3745 Gynaeceum

449 3747 745 3838 ornatum
790 3749 887 3808 est
928 3745 1111 3825 velie,
1156 3769 1317 3831 quae
1360 3751 1726 3819 indicantur
1768 3759 1968 3842 magis
1999 3782 2189 3844 quam
2222 3766 2632 3848 explicantur.

449 3881 530 3889 —
590 3844 794 3927 Magis
849 3847 1041 3910 etiam
1101 3849 1182 3913 ad
1229 3872 1341 3916 nos
1383 3856 1704 3937 pertinere
1746 3868 1901 3944 puto
1944 3872 2249 3950 prostypa
2293 3868 2492 3932 Musei
2540 3871 2635 3935 Pii

450 3944 830 4010 Clementini
886 3958 1012 4032 (ap.
1062 3951 1453 4020 Viscontium
1502 3958 1607 4037 IV,
1661 3961 1774 4044 17)
1825 3964 1932 4028 ubi
1977 3966 2207 4033 Niobes
2263 3969 2426 4035 filiae
2471 3994 2637 4038 mor-

449 4049 599 4112 tuae
656 4049 721 4111 in
781 4071 1096 4132 gynaeceo
1153 4056 1396 4122 aulaeis
1454 4060 1755 4128 distincto
1809 4066 2055 4147 jacent,
2127 4094 2271 4136 cum
2321 4074 2387 4138 in
2433 4076 2635 4141 altera
