2946 4740
1384 292 1456 353 15

313 475 488 538 feras
532 495 673 539 cum
715 475 833 539 hoc
862 475 999 539 loco
1032 474 1300 538 similem
1336 474 1767 538 narrationem
1799 474 1973 558 apud
2002 474 2421 541 Plutarchum
2446 480 2511 554 1),

276 568 426 639 ‘ubi
486 575 638 638 haec
698 576 1031 657 leguntur:
1112 569 1352 655 ,,αὐτὸς
1394 574 1482 639 δὲ
1540 578 1655 638 τοῦ
1714 571 2024 657 θαλάμου
2065 572 2180 639 τὸν
2224 569 2515 641 ὄπισθεν

323 681 440 762 τῆς
480 672 699 754 κλίνης
741 680 960 759 τοῖχον
1005 674 1298 764 ἐκκόψας
1326 674 1435 741 καὶ
1465 672 1774 761 θυρώσας
1802 674 2247 763 κατεκάλυψεν
2276 673 2516 765 αὐλαίᾳ

315 777 431 855 τὰς
472 775 699 864 θύρας.
789 781 1031 844 Eadem
1077 782 1323 844 ratione
1368 780 1596 843 aulaeo
1636 778 1959 845 clauditur
1989 780 2294 859 foramen,
2339 780 2511 863 quod

312 880 417 944 hic
472 881 732 963 quidem
792 882 875 946 ad
933 882 1122 947 finem
1169 883 1566 966 propositum
1614 880 1822 944 subito
1865 882 2101 947 factum
2149 904 2286 947 esse
2330 881 2513 947 audi-

311 1004 471 1059 muS,
516 983 627 1047 sed
673 983 840 1066 quod
887 983 1087 1048 multo
1131 983 1384 1049 facilius
1428 984 1624 1048 etiam
1669 981 2128 1049 conficiendum
2176 984 2367 1049 fuisse
2410 1004 2511 1048 ve-

311 1084 576 1147 risimile
623 1091 750 1162 est,
812 1107 1003 1168 quam
1051 1087 1116 1150 in
1162 1085 1404 1169 palatio
1451 1085 1760 1149 Romano,
1850 1084 2123 1151 Omnino
2170 1092 2386 1150 autem
2429 1085 2509 1150 de

311 1185 600 1249 codicum
646 1185 1045 1252 Taciteorum
1091 1189 1409 1272 scriptura
1453 1186 1747 1252 recedere
1780 1187 1958 1252 nullo
1987 1187 2174 1251 modo
2205 1187 2509 1270 cogimur.

487 1288 683 1352 Venio
728 1288 810 1352 ad
857 1289 1056 1353 alium
1103 1291 1475 1355 aulaeorum
1523 1310 1707 1354 usum
1746 1289 2025 1353 utilitate
2056 1295 2510 1372 praestantem.

317 1389 390 1452 In
437 1397 716 1454 veterum
764 1391 1098 1455 domorum
1144 1393 1500 1470 cavaediis,
1575 1398 1641 1456 et
1681 1393 1748 1455 in
1794 1391 1932 1475 ipso
1976 1392 2143 1455 atrio
2187 1396 2254 1454 et
2295 1391 2359 1455 in
2403 1411 2509 1475 pe·

313 1491 587 1573 ristylio‚
647 1493 819 1575 quod
865 1499 1160 1571 vocatur,
1221 1495 1452 1558 aulaea
1507 1493 1677 1558 inter
1721 1492 2048 1559 columnas
2089 1495 2186 1557 ita
2222 1492 2511 1576 ‘expandi

310 1594 501 1659 solita
545 1615 699 1672 esse,
744 1601 820 1659 ut
863 1595 944 1659 ab
988 1596 1067 1659 iis
1113 1597 1420 1661 cubiculis
1463 1617 1628 1680 quae
1671 1596 1841 1660 circa
1886 1595 2214 1659 columnas
2256 1602 2405 1659 sunt
2444 1598 2511 1658 et

310 1695 459 1760 solis
504 1697 766 1760 ardores
813 1700 879 1760 et
921 1703 1149 1762 ventus
1193 1698 1523 1782 frigusque
1566 1697 1793 1763 hiemis
1838 1697 2341 1774 abstinerentur,
2397 1716 2507 1760 no-

310 1804 444 1860 tum
491 1805 587 1860 est
632 1819 710 1861 ex
760 1798 1032 1882 Digestis
1076 1801 1216 1884 Ulp.
1269 1801 1495 1881 (XXX,
1542 1806 1599 1879 7,
1646 1803 1709 1878 2)
1757 1800 1865 1864 ubi
1909 1800 2214 1882 legimus:
2265 1797 2506 1862 Instru-

310 1907 595 1963 mentum
649 1900 875 1965 domus
933 1902 999 1967 id
1055 1923 1190 1966 esse
1248 1902 1464 1985 (dicit)
1525 1901 1695 1985 quod
1750 1901 2151 1985 tempestatis
2193 1899 2508 1964 arcendae

308 2021 504 2064 causa
545 2010 848 2085 paratur,
906 2025 1033 2068 non
1080 2003 1425 2088 voluptatis
1468 2023 1660 2067 eausa
1704 2003 1923 2085 itaque
1969 2021 2176 2085 neque
2220 2000 2505 2083 specula-

306 2103 406 2165 ria
464 2123 671 2186 neque
730 2103 869 2168 vela
895 2153 910 2183 ,
988 2125 1153 2187 quae
1212 2105 1468 2188 frigoris
1511 2105 1609 2170 vel
1655 2105 1920 2169 umbrae
1965 2123 2159 2168 causa
2202 2104 2269 2167 in
2315 2102 2505 2167 domo

307 2210 457 2267 sunt
505 2253 519 2267 .
555 2252 567 2265 .
607 2253 622 2267 .
656 2253 669 2267 .
719 2205 858 2268 vela
901 2214 1114 2271 autem
1164 2206 1388 2272 Cilicia
1445 2207 1852 2271 instrumenti
1908 2226 2045 2270 esse
2092 2204 2348 2270 Cassius
2392 2205 2505 2286 ait,

309 2325 476 2388 quae
520 2305 661 2369 ideo
705 2316 1020 2391 parantur
1079 2330 1158 2374 ne
1212 2310 1506 2375 aedificia
1548 2317 1735 2375 vento
1779 2308 1879 2374 vel
1924 2307 2139 2392 pluvia
2191 2307 2503 2373 laborent.

311 2408 403 2471 De
450 2410 604 2473 velis
650 2431 814 2493 quae
860 2411 925 2475 in
973 2411 1344 2495 hypaethris
1388 2411 1841 2489 extenduntur,
1886 2413 2039 2476 item
2084 2410 2162 2475 de
2207 2410 2309 2474 his
2338 2431 2504 2494 quae

306 2518 457 2574 sunt
499 2511 670 2575 eirca
715 2512 1044 2577 columnas
1090 2514 1312 2578 Celsus
1365 2513 1588 2578 scribit
1630 2515 1838 2598 magis·
1878 2512 2258 2596 supellectili
2302 2512 2505 2576 adnu·
2570 2509 2583 2517 ’

307 2613 678 2677 meranda.“
754 2652 837 2663 —-
927 2616 1103 2694 Quae
1178 2616 1645 2696 instrumenta,
1723 2616 1816 2680 vel
1886 2614 2212 2698 suppellex
2277 2614 2504 2678 domus

306 2714 499 2777 etiam
548 2716 717 2778 inter
760 2715 930 2779 dona
972 2713 1458 2798 enumerantur,
1518 2739 1683 2801 quae
1728 2716 2010 2799 Odrysae
2052 2716 2308 2799 regibus
2351 2715 2502 2781 offe-

306 2821 489 2895 runt,
549 2816 627 2880 cf.
677 2816 1023 2899 Thucydid.
1071 2819 1155 2899 11,
1201 2825 1302 2897 97,
1348 2824 1418 2884 3:
1449 2816 1661 2903 ,χωρὶς
1712 2817 1784 2885 δὲ
1825 2815 1952 2883 ὅσα
1992 2814 2248 2905 ὑφαντά
2277 2841 2349 2883 τε
2391 2815 2504 2883 καὶ

306 2916 451 2980 λεῖα
506 2915 615 2981 καὶ
670 2912 709 3004 ἦ
764 2912 926 3006 ἄλλη
986 2916 1386 3007 παρασκευή.
1477 2922 1702 3005 Itaque
1748 2943 1873 2986 non
1921 2927 2091 2986 recte
2139 2919 2503 2985 Classenius

306 3018 389 3082 ad
435 3018 605 3082 hunc
648 3021 855 3085 locum
903 3022 1223 3102 admonet,
1269 3024 1642 3088 vertendum
1688 3045 1824 3089 esse
1873 3023 2039 3104 „und
2086 3022 2250 3087 auch
2296 3022 2503 3088 Haus-

306 3120 472 3197 rath,
519 3140 589 3183 so
640 3120 786 3184 dass
832 3123 1007 3187 nicht
1046 3123 1148 3188 die
1182 3125 1388 3205 Zeuge
1420 3146 1533 3188 zur
1560 3121 1921 3211 κατασκευή
1951 3125 2294 3209 ςθὴότθῃ.“
2362 3125 2501 3189 Vox

303 3215 467 3307 ἄλλη
513 3222 632 3284 hoc
676 3223 815 3286 loco
859 3226 1183 3304 vulgarem
1229 3227 1424 3291 habet
1464 3226 2013 3309 significationem.
2061 3264 2139 3275 --
2212 3227 2497 3291 Alterum

303 3324 494 3386 etiam
532 3323 931 3406 Digestorum
976 3326 1182 3390 locum
1229 3327 1456 3392 afferre
1497 3330 1700 3410 juvat,
1747 3330 1946 3413 (XIX,
1999 3335 2050 3407 l,
2101 3330 2207 3414 17)
2248 3328 2356 3394 ubi
2396 3329 2502 3410 ju·

307 3424 488 3487 ridici
531 3425 698 3489 inter
742 3447 879 3504 res,
941 3449 1106 3510 quae
1161 3428 1243 3491 ad
1290 3429 1546 3492 domum
1594 3430 1798 3513 ipsam
1845 3429 2201 3513 pertinent,
2262 3437 2327 3494 et
2370 3450 2500 3508 eas,

305 3545 470 3607 quae
511 3527 937 3591 instrumenta
980 3530 1207 3593 domus
1248 3538 1400 3594 sunt
1430 3530 1686 3595 differre
1731 3532 2012 3596 student.
2100 3531 2193 3595 Ad
2241 3531 2498 3596 domum

305 3627 631 3710 pertinent
676 3631 881 3710 pictae
928 3633 1077 3695 tecti
1126 3632 1383 3696 tabulae
1438 3641 1817 3715 crustaeque
1862 3652 2285 3710 marmoreae3
2361 3654 2498 3711 „re-

303 3729 503 3791 ticula
547 3738 762 3792 autem
808 3734 977 3796 eirca
1021 3734 1346 3798 columnas
1391 3735 1546 3798 item
1592 3734 1818 3799 Cilicia
1871 3732 2013 3796 vela
2067 3734 2319 3798 aedium
2368 3754 2494 3798 non

302 3836 514 3893 sunt.“
601 3830 766 3896 Sunt
808 3834 918 3915 qui
961 3834 1215 3912 dicant,
1290 3837 1447 3900 baec
1503 3835 1773 3899 reticula
1819 3834 1959 3897 vela
2004 3854 2137 3897 esse
2180 3835 2352 3898 inter
2394 3854 2498 3897 co-

304 3930 553 3994 lumnas
597 3954 920 4017 suspensa.
1016 3937 1151 3999 Non
1202 3945 1369 4001 recte
1408 3938 1721 4019 judicant.
1811 3936 1992 4000 Unde
2025 3934 2161 3999 vela
2193 3936 2497 4000 resticula

300 4033 608 4115 appellari
655 4039 961 4117 possunt?
1045 4040 1194 4102 Sine
1251 4040 1444 4103 dubio
1492 4040 1871 4102 vestimenta
1914 4038 2353 4102 columnarum
2399 4058 2495 4101 re-

439 4249 481 4316 1)
553 4250 731 4301 Artax
767 4265 855 4318 cp.
892 4252 975 4301 29.
