2946 4740
1504 249 1580 310 18

447 432 799 498 videbatur.
898 432 1126 516 Itaque
1168 452 1407 515 paucas
1466 433 1699 516 prioris
1760 433 2065 516 temporis
2105 434 2413 517 picturas,
2470 456 2637 519 quae

448 535 629 600 nobis
671 539 958 600 servatae
1000 538 1184 613 sunt,
1247 554 1289 599 a
1331 536 1590 613 ceteris,
1637 555 1797 618 quas
1839 536 1907 599 in
1954 534 2345 620 Campaniae
2388 537 2639 621 oppidis

445 639 858 703 inveniuntur
918 636 1215 720 picturis,
1278 642 1343 700 et
1405 658 1572 721 quae
1638 657 1854 703 omnes
1918 636 2053 702 fere
2119 637 2407 721 Helbigio
2475 644 2640 706 teste

447 740 807 806 Alexandro
860 745 1112 804 mortuo
1173 743 1364 803 natae
1420 746 1600 816 sunt,
1665 737 1920 804 differre
1980 739 2200 805 eadem
2256 741 2639 807 necessitate

447 844 757 925 cogimur,
801 860 993 925 quam
1038 838 1523 923 anaglyptorum
1566 861 1802 922 genera
1844 841 2041 907 varia.
2129 843 2291 907 Nam
2335 843 2400 907 in
2432 843 2638 927 pictu-

444 947 538 1010 ris
581 965 743 1028 quae
787 948 1054 1008 mortem
1097 941 1466 1025 Iphigeniae
1523 942 1957 1007 imminentem
1996 949 2063 1024 ¹),
2123 964 2287 1028 quae
2329 944 2637 1012 Phrixum

447 1052 513 1112 et
538 1047 767 1111 Hellen
791 1048 869 1128 2),
912 1043 1168 1128 nuptias
1212 1043 1488 1129 denique
1520 1044 2030 1111 Aldobrandinas
2073 1051 2222 1111 ante
2268 1046 2485 1113 oculos
2527 1068 2637 1132 po-

445 1153 634 1228 nunt,
679 1148 948 1215 actionis
990 1147 1167 1212 locus
1212 1152 1326 1211 aut
1369 1147 1630 1213 omnino
1674 1167 1800 1214 non
1824 1196 1839 1226 ,
1884 1151 1999 1212 aut
2039 1148 2507 1231 simplicissima
2536 1170 2633 1213 ra-

441 1253 616 1316 tione
690 1250 980 1335 depictus
1041 1255 1165 1328 est3
1237 1249 1613 1333 quibuscum
1685 1249 1740 1314 si
1809 1269 2109 1331 magnam
2169 1249 2297 1314 vim
2342 1251 2631 1333 aliarum,

441 1355 633 1419 etiam
665 1373 902 1429 earum,
947 1371 1106 1434 quas
1136 1349 1564 1417 Philostratus
1606 1352 1908 1418 describit
1937 1352 2263 1434 imagines,
2307 1373 2634 1438 compara-

444 1456 630 1537 veris,
686 1474 960 1540 parerga
1000 1473 1339 1534 numerosa
1397 1454 1623 1520 addita
1680 1476 1816 1520 esse
1859 1474 2228 1537 cognosceS,
2293 1476 2454 1538 quae
2509 1457 2635 1522 etsi

440 1579 568 1625 non
611 1558 832 1624 eadem
877 1575 1033 1621 cura
1074 1576 1150 1620 ac
1180 1555 1516 1640 diligentia
1545 1562 1695 1622 sunt
1724 1563 2030 1637 tractata,
2076 1563 2286 1622 tamen
2317 1577 2629 1622 summam

441 1667 710 1726 naturae
762 1658 962 1744 ipsius
1014 1658 1364 1747 imitandae
1406 1660 1691 1725 studium
1734 1660 2099 1726 ostendunt.
2195 1661 2394 1726 Juxta
2432 1660 2633 1727 Mem-

439 1783 672 1828 nonem
728 1766 1049 1829 mortuum
1110 1761 1309 1844 (apud
1370 1761 1830 1827 Philostratum
1888 1763 2084 1845 Imag.
2136 1762 2184 1841 I,
2230 1769 2296 1843 7)
2355 1762 2631 1847 amplam

439 1865 669 1948 Trojae
731 1862 1063 1947 planitiem
1079 1911 1095 1942 ,
1154 1863 1412 1945 tuguria
1467 1869 1534 1928 et
1588 1870 1942 1930 castrorum
1987 1864 2265 1944 vallum,
2307 1864 2483 1930 urbis
2525 1864 2632 1928 de-

437 1969 631 2051 nique
673 1986 889 2030 muros
931 1964 1231 2030 describit
1255 1967 1568 2042 munitos3
1613 1967 1663 2044 Ι,
1703 1972 1774 2031 17
1810 1966 2106 2046 stadium,
2151 1968 2217 2031 in
2249 1987 2375 2049 quo
2405 1966 2633 2051 Pelops

439 2069 832 2135 Oenomaum
876 2067 1030 2132 vicit
1073 2088 1407 2152 procorum
1454 2067 1855 2152 cenotaphiis
1899 2074 2189 2153 saeptum
2229 2067 2424 2132 fuisse
2453 2067 2632 2133 audi-

438 2191 613 2249 mus,
676 2176 742 2236 et
783 2172 852 2236 in
895 2170 1312 2236 describenda
1357 2173 1613 2255 pictura
1655 2171 1771 2236 illa
1814 2172 2245 2250 celeberrima,
2292 2190 2458 2252 quae
2481 2170 2633 2236 Pin-

439 2273 666 2338 darum
709 2292 980 2356 puerum
1023 2273 1251 2356 apibus
1297 2273 1501 2339 altum
1531 2280 1989 2357 repraesentat,
2034 2273 2460 2340 Philostratus
2498 2273 2632 2357 ipse

438 2377 550 2456 (II,
603 2380 711 2459 12)
754 2375 939 2442 dicit:
990 2367 1147 2457 „ov'x
1189 2373 1612 2457 α’τακτοῦσιν,
1657 2368 1793 2443 ἴσα
1834 2381 1925 2464 τῇ
1966 2374 2211 2464 φύσει
2254 2376 2630 2443 διαποικιλ-

438 2473 674 2566 λούσης
714 2471 877 2543 αὐτὰ
918 2481 1035 2565 τῆς
1075 2483 1388 2566 γραφῆς“.

607 2651 892 2717 Eandem
949 2652 1450 2738 progressionem
1469 2702 1485 2731 ‚
1560 2653 1611 2718 si
1652 2653 2152 2738 progressionem
2197 2652 2264 2717 id
2308 2652 2629 2738 appellare

438 2753 614 2833 licet,
660 2753 831 2838 quod
874 2753 1166 2819 recedere
1211 2776 1250 2820 a
1294 2753 1552 2842 fastigio
1598 2757 1757 2822 artis
1800 2756 2028 2821 melius
2069 2760 2429 2832 vocaretur,
2474 2773 2628 2817 ana-

439 2856 660 2942 glypta
702 2856 970 2941 antiqua
1014 2858 1342 2941 persequi,
1404 2857 1549 2940 quis
1591 2865 1690 2924 est
1734 2860 1843 2944 qui
1887 2852 2123 2941 neget'?
2208 2855 2439 2920 Poetae
2483 2853 2629 2919 dra·

438 2959 659 3024 matici
700 2978 927 3024 scenae
970 2960 1259 3043 magistri
1303 2981 1406 3024 res
1448 2981 1631 3026 veras
1674 2960 1912 3027 imitari
1958 2960 2308 3025 docuerunt
2335 2957 2630 3035 artifices,

437 3066 515 3127 ut
555 3081 699 3125 cum
740 3060 807 3124 in
843 3060 1106 3127 Phidiae
1146 3063 1442 3148 operibus
1487 3062 1861 3147 (zophorum
1904 3061 2215 3146 imprimis
2244 3062 2311 3124 in
2344 3059 2630 3123 Athenae

438 3162 678 3247 templo
722 3163 1066 3247 intelligas)
1113 3184 1192 3230 ne
1237 3165 1501 3230 minima
1544 3165 1799 3250 quidem
1844 3166 1929 3230 sit
1969 3165 2089 3229 loci
2123 3161 2518 3245 significatiO,
2562 3162 2629 3224 in

441 3266 836 3351 anaglyptiS,
878 3286 1042 3348 quae
1084 3267 1335 3332 fabulas
1381 3267 1738 3348 Phaedrae,
1781 3267 2052 3333 aliorum
2096 3271 2246 3330 ante
2276 3262 2489 3328 oculos
2516 3280 2631 3345 po-

441 3373 622 3447 nunt,
687 3389 910 3436 scenae
967 3369 1399 3435 institutiones
1452 3372 1626 3456 ipsas
1685 3388 2130 3460 recognoscere
2172 3370 2377 3449 putes.
2468 3361 2628 3426 Cum

440 3471 561 3536 hoc
604 3477 876 3536 naturae
936 3471 1286 3538 imitandae
1310 3473 1522 3538 studio
1555 3473 1962 3555 conjunctum
1994 3474 2090 3533 est
2120 3467 2412 3544 alterum,
2456 3465 2628 3548 quod

442 3573 720 3660 spatium
762 3574 950 3639 inane
995 3571 1065 3637 in'
1107 3574 1243 3639 dies
1287 3577 1492 3659 magis
1521 3574 1775 3659 explere
1807 3573 1999 3655 cupit.
2083 3570 2229 3636 Jam
2258 3568 2323 3632 in
2355 3567 2630 3652 zophoro

443 3675 663 3760 templi
706 3674 879 3740 illius
925 3674 1199 3761 Apollini
1232 3675 1560 3757 Phigaliae
1606 3677 1910 3741 exstructi
1954 3674 2021 3739 in
2066 3672 2329 3738 vestium
2375 3669 2632 3734 fluitan-

443 3777 604 3843 tium
647 3777 888 3842 sinibus
930 3775 1049 3843 hoc
1093 3777 1373 3843 studium
1417 3784 1703 3863 apparet.
1794 3780 1957 3858 Quid
2003 3779 2234 3843 mirum
2275 3774 2328 3837 si
2357 3773 2633 3849 artifices

444 3879 686 3943 aulaeis
728 3880 828 3943 vel
872 3879 1059 3962 pictis
1098 3879 1278 3957 velie,
1324 3880 1433 3945 ubi
1463 3881 1739 3965 primum
1772 3883 1839 3946 in
1868 3882 2133 3948 Graecia
2160 3884 2632 3965 percrebescere

443 3985 818 4065 coeperunt,
890 4000 1234 4066 eorumque
1300 3984 1369 4050 in
1435 3984 1740 4049 thalamis
1803 3992 1869 4050 et
1928 3984 2403 4056 coenationibus
2480 4013 2632 4057 usus

589 4155 632 4222 ¹)
670 4154 818 4223 apud
853 4152 1073 4221 Helbig.
1111 4170 1153 4207 s.
1191 4171 1242 4208 n.
1283 4156 1436 4208 1304.

584 4241 630 4311 2)
666 4241 813 4310 apud
850 4241 1089 4329 eundem
1124 4258 1162 4294 s.
1199 4259 1255 4296 n.
1295 4244 1444 4297 1286.
