2946 4740
1483 236 1568 298 40

428 431 746 516 picturam
789 423 1463 503 circumscribendam3
1508 421 1604 484 ita
1646 422 1718 485 ut
1761 418 1889 482 sint
1931 415 2044 501 qui
2086 415 2307 482 dicant
2350 414 2625 478 contem-

425 534 680 618 plantes
736 531 1055 616 picturam
1110 525 1437 610 quandam
1497 543 1576 587 ex
1631 520 1899 585 thermis
1943 518 2071 584 Titi
2125 516 2232 596 (de
2285 534 2413 598 quo
2457 509 2627 575 infra

428 635 768 702 dicendum
809 631 960 709 erit)
1006 627 1215 694 velum
1260 644 1636 710 suspensum
1696 642 1868 686 more
1923 629 2193 684 veterum
2235 618 2628 702 picturarum

428 736 732 821 impedire
767 739 1163 817 prospectum
1227 727 1335 806 (cf.
1375 725 1752 802 Sicklerum,
1799 721 2160 787 Almanach
2191 741 2306 787 aus
2336 723 2497 790 Rom
2544 727 2630 806 11,
2746 761 2767 770 ·

429 838 556 905 tab.
592 839 682 923 3).
769 835 935 901 Nam
979 831 1100 895 hac
1143 831 1282 914 ipsa
1323 848 1517 912 quam
1560 830 1915 891 tractamus
1955 825 2303 908 picturam,
2347 847 2472 891 non
2518 827 2631 895 ad-

431 939 725 1005 ducimur
766 941 839 1001 ut
881 932 1248 1011 credamne,
1323 930 1534 998 velum
1576 947 1655 993 ex
1697 947 1817 992 usu
1860 925 2182 991 cotidiano
2226 946 2364 992 esse
2407 928 2488 993 ab
2532 949 2634 994 ar-

432 1040 603 1107 tifice
645 1037 973 1123 aptissime
1018 1031 1413 1112 adhibitnm3
1487 1031 1599 1096 sed
1642 1029 1773 1096 alia
1813 1031 2094 1116 pictura,
2157 1049 2321 1113 quae
2365 1031 2632 1096 eandem

436 1164 571 1209 rem
614 1139 911 1215 similiter
940 1133 1252 1220 depingit;
1296 1133 1516 1199 videas
1544 1152 1687 1198 eam
1717 1132 1888 1218 apud
1920 1131 2286 1200 Fiorellium
2318 1135 2384 1198 in
2415 1134 2634 1200 Giorn.

436 1244 606 1327 degli
626 1242 808 1307 Scavi
834 1241 1018 1316 1862,
1064 1236 1195 1301 tab.
1227 1241 1285 1299 5.
1376 1235 1470 1301 Eo
1502 1240 1753 1301 tantum
1784 1233 2089 1299 differunt
2117 1236 2426 1318 picturae,
2467 1238 2637 1320 quod

435 1347 502 1412 in
546 1345 668 1409 hac
709 1338 997 1427 Thetidis
1055 1336 1293 1402 sodalis
1337 1340 1436 1401 est
1484 1336 1790 1413 volucris,
1854 1341 1921 1401 et
1963 1338 2133 1419 quod
2194 1339 2373 1421 virga
2417 1341 2482 1402 in
2527 1341 2638 1404 cli·

438 1467 629 1532 peum
674 1442 975 1509 ostendit.
1060 1437 1289 1504 velum
1328 1443 1544 1503 autem
1588 1438 1866 1504 dilucide
1908 1439 1973 1503 in
2018 1432 2263 1505 arboris
2303 1442 2499 1506 ramis
2542 1447 2642 1507 est

438 1549 791 1633 illigatum,
857 1540 1030 1608 unde
1086 1540 1319 1606 scimus
1363 1546 1428 1605 et
1470 1541 1536 1604 in
1583 1538 1703 1605 hac
1747 1546 1813 1605 et
1866 1541 1933 1605 in
1977 1540 2094 1605 illa
2119 1541 2389 1626 pictura
2431 1543 2639 1609 locum

441 1651 560 1716 sub
602 1650 749 1714 divo
793 1665 931 1710 esse
975 1643 1498 1724 intelligendum,
1541 1661 1728 1725 quem
1775 1641 1911 1709 velo
1954 1641 2121 1707 fabri
2165 1662 2205 1708 a
2248 1644 2378 1709 sole
2422 1651 2643 1711 vento-

439 1773 566 1837 que
610 1748 953 1815 defendere
998 1745 1281 1810 student.

613 1852 839 1916 Restat
892 1853 970 1912 nt
1010 1848 1090 1912 de
1134 1846 1555 1911 tentoriorum
1601 1846 2019 1911 castrensium
2072 1846 2137 1910 in
2180 1852 2464 1912 veterum
2508 1869 2646 1914 mo-

445 1953 768 2020 numentis
825 1947 1288 2032 significatione
1350 1947 1598 2031 aliquid
1657 1946 1909 2013 addam.
2011 1948 2185 2014 Velis
2246 1957 2312 2013 et
2364 1950 2646 2016 ferarum

442 2056 634 2123 coriis
677 2050 994 2136 imprimis
1045 2070 1193 2116 usos
1237 2069 1374 2114 esse
1419 2054 1666 2114 veteres
1708 2050 1791 2117 ad
1850 2050 2129 2114 tentoria
2171 2051 2446 2132 tegenda
2489 2054 2647 2118 satis

444 2161 700 2224 constat
752 2153 867 2235 (cf.
922 2153 1084 2218 Xen.
1135 2151 1363 2236 Cyrop.
1413 2151 1520 2231 1v,
1565 2156 1625 2231 5,
1672 2153 1803 2228 39).
1891 2151 2253 2217 Praefectos
2310 2161 2526 2217 autem
2580 2161 2648 2219 et

448 2262 904 2343 imperatorem
958 2254 1167 2338 ipsum
1229 2250 1534 2317 solidiora
1589 2253 1870 2316 tentoria
1928 2251 2225 2319 habuisse
2279 2255 2386 2318 vix
2431 2257 2652 2339 negari

449 2366 677 2447 potest.
766 2357 1005 2423 Tamen
1050 2353 1466 2420 tabernacula
1496 2354 1733 2419 hedera
1772 2361 2060 2439 protecta
2103 2356 2202 2421 vel
2246 2356 2540 2424 trichilae
2583 2359 2651 2423 in

445 2463 678 2529 castris
726 2459 1011 2543 Pompeji
1053 2478 1093 2522 a
1136 2456 1413 2522 Caesare
1457 2456 1643 2523 valde
1694 2457 2156 2540 vituperantur,
2201 2480 2345 2523 cum
2390 2461 2655 2526 nimiam

450 2564 771 2632 luxuriam
815 2566 880 2626 et
923 2560 1227 2626 victoriae
1257 2558 1558 2625 fiduciam
1589 2556 1882 2641 designet
1912 2559 2085 2640 (bell.
2120 2561 2236 2625 civ.
2271 2561 2378 2641 IV,
2426 2566 2525 2641 96,
2564 2565 2651 2642 1).

453 2663 938 2749 Simplicissima
996 2661 1245 2728 ratione
1305 2661 1904 2726 Marcomannorum
1957 2663 2237 2727 tentoria
2279 2669 2658 2745 ‘constructa

452 2772 607 2834 sunt
645 2767 715 2829 in
760 2764 1058 2829 columna
1102 2763 1189 2826 M.
1235 2762 1481 2827 Aurelii
1527 2763 1704 2846 apud
1751 2763 2194 2843 Wieselerum‚
2241 2764 2316 2827 D.
2362 2765 2422 2829 d.
2470 2785 2529 2831 a.
2574 2766 2654 2829 Κ.

458 2869 508 2947 1,
557 2872 657 2931 71.
704 2870 863 2944 395,
922 2871 988 2929 et
1035 2863 1300 2928 Achillis
1355 2865 1704 2929 tentorium
1759 2865 1828 2928 in
1884 2864 2144 2930 tabulae
2190 2866 2422 2931 Iliacae
2484 2866 2659 2932 linea

456 2969 521 3032 Ω
562 2967 670 3048 (cf.
718 2965 1210 3043 Overbeckium‚
1268 2964 1411 3030 Gal.
1458 2965 1593 3031 her.
1640 2966 1710 3029 B.
1757 2969 1858 3031 20.
1907 2970 1993 3047 9).
2082 2966 2416 3051 Utrimque
2469 2989 2656 3053 para-

456 3075 748 3156 petasma
790 3067 1055 3133 tentorii
1098 3066 1428 3152 plagulam
1472 3066 1822 3152 significat,
1884 3089 2088 3151 neque
2133 3068 2260 3134 dici
2300 3076 2542 3154 potest,
2587 3072 2655 3135 in

458 3172 560 3238 his
617 3174 824 3235 artem
878 3159 1289 3253 symbolicam
1349 3169 1658 3234 minorem
1713 3168 2068 3234 adhibitam
2126 3190 2289 3251 esse,
2356 3192 2548 3257 quam
2591 3172 2657 3235 in

458 3271 925 3356 significatione
984 3271 1299 3354 parietum
1345 3270 1589 3336 aulaeis
1633 3277 2035 3350 ornatorum3
2101 3272 2346 3336 nullam
2402 3274 2659 3337 omnino

459 3374 784 3457 intelligas
827 3392 965 3442 esse,
1009 3371 1380 3439 adhibitam.
1469 3374 1698 3457 Itaque
1742 3374 1937 3437 etiam
1980 3375 2046 3438 in
2092 3374 2454 3457 anaglyptis
2496 3394 2661 3457 qnae

462 3479 733 3542 mortem
763 3474 1065 3557 Meleagri
1110 3474 1177 3538 in
1221 3495 1437 3559 pugna
1479 3476 1650 3540 inter
1681 3474 1949 3540 Curetas
1991 3482 2184 3559 atque
2205 3475 2463 3541 Aetolos
2504 3478 2665 3542 cele-

460 3579 655 3644 brant
681 3583 753 3658 ²),
798 3575 937 3640 velo
982 3577 1330 3641 tentorium
1377 3576 1680 3660 Meleagri
1722 3576 2067 3660 significari
2096 3584 2365 3655 constat,
2412 3579 2664 3643 etiamsi

459 3684 677 3745 castra
719 3685 852 3743 tam
922 3699 1120 3763 prope
1176 3678 1398 3746 urbem
1440 3678 1863 3763 Calydonem,
1923 3680 2104 3762 cujus
2147 3686 2335 3763 porta
2377 3685 2475 3743 est
2517 3698 2664 3742 con·

466 3781 707 3866 spiens,
750 3780 961 3865 posita
1005 3800 1141 3844 esse
1186 3801 1311 3845 non
1356 3790 1454 3846 est
1496 3780 1854 3847 verisimile.
1945 3780 2068 3846 Sed
2112 3780 2233 3848 hoc
2271 3779 2356 3848 ad
2402 3778 2667 3844 artificis

466 3884 749 3946 rationes
793 3881 1053 3946 minime
1098 3884 1350 3949 attinet.
1437 3884 1805 3949 Tentorium
1847 3883 2056 3968 ipsum
2101 3885 2164 3947 in
2213 3883 2419 3946 fronte
2464 3881 2667 3965 clipeo

612 4106 654 4175 ¹)
701 4105 848 4174 apud
897 4104 1201 4167 Millinum‚
1256 4104 1376 4156 Gal.
1409 4103 1585 4172 Myth.
1635 4104 1706 4169 11,
1751 4108 1864 4169 104,
1902 4107 2037 4171 4143
2099 4103 2295 4157 melius
2345 4120 2668 4172 expressum

465 4194 613 4247 idem
647 4193 801 4247 vides
838 4193 897 4245 in
931 4191 1086 4288 Mon2
1119 4190 1270 4243 Ined.
1310 4191 1462 4258 1869,
1500 4192 1597 4257 lx,
1634 4195 1683 4244 2.
